[{"id": 104600978, "price": "58.01000000", "qty": "1.18800000", "quoteQty": "68.91588000", "time": 1693156822517, "isBuyerMaker": false, "isBestMatch": true}, {"id": 104600979, "price": "58.01000000", "qty": "4.01200000", "quoteQty": "232.73612000", "time": 1693156822517, "isBuyerMaker": false, "isBestMatch": true}, {"id": 104600980, "price": "58.01000000", "qty": "11.58500000", "quoteQty": "672.04585000", "time": 1693156822542, "isBuyerMaker": false, "isBestMatch": true}, {"id": 104600981, "price": "58.01000000", "qty": "1.99700000", "quoteQty": "115.84597000", "time": 1693156825673, "isBuyerMaker": true, "isBestMatch": true}, {"id": 104600982, "price": "58.01000000", "qty": "0.90600000", "quoteQty": "52.55706000", "time": 1693156825673, "isBuyerMaker": true, "isBestMatch": true}, {"id": 104600983, "price": "58.01000000", "qty": "0.47100000", "quoteQty": "27.32271000", "time": 1693156825673, "isBuyerMaker": true, "isBestMatch": true}, {"id": 104600984, "price": "58.00000000", "qty": "10.75800000", "quoteQty": "623.96400000", "time": 1693156848847, "isBuyerMaker": true, "isBestMatch": true}, {"id": 104600985, "price": "58.01000000", "qty": "1.99600000", "quoteQty": "115.78796000", "time": 1693156862455, "isBuyerMaker": false, "isBestMatch": true}, {"id": 104600986, "price": "58.01000000", "qty": "0.97700000", "quoteQty": "56.67577000", "time": 1693156862455, "isBuyerMaker": false, "isBestMatch": true}, {"id": 104600987, "price": "58.02000000", "qty": "1.72400000", "quoteQty": "100.02648000", "time": 1693156862455, "isBuyerMaker": false, "isBestMatch": true}, {"id": 104600988, "price": "58.03000000", "qty": "0.50300000", "quoteQty": "29.18909000", "time": 1693156862455, "isBuyerMaker": false, "isBestMatch": true}, {"id": 104600989, "price": "58.02000000", "qty": "0.20900000", "quoteQty": "12.12618000", "time": 1693156899867, "isBuyerMaker": false, "isBestMatch": true}, {"id": 104600990, "price": "58.02000000", "qty": "1.00200000", "quoteQty": "58.13604000", "time": 1693156902733, "isBuyerMaker": false, "isBestMatch": true}, {"id": 104600991, "price": "58.02000000", "qty": "0.51300000", "quoteQty": "29.76426000", "time": 1693156961656, "isBuyerMaker": false, "isBestMatch": true}, {"id": 104600992, "price": "58.02000000", "qty": "0.44800000", "quoteQty": "25.99296000", "time": 1693156961656, "isBuyerMaker": false, "isBestMatch": true}, {"id": 104600993, "price": "58.02000000", "qty": "0.44800000", "quoteQty": "25.99296000", "time": 1693156961656, "isBuyerMaker": false, "isBestMatch": true}, {"id": 104600994, "price": "58.02000000", "qty": "0.44800000", "quoteQty": "25.99296000", "time": 1693156961656, "isBuyerMaker": false, "isBestMatch": true}, {"id": 104600995, "price": "58.02000000", "qty": "0.14300000", "quoteQty": "8.29686000", "time": 1693156961656, "isBuyerMaker": false, "isBestMatch": true}, {"id": 104600996, "price": "58.02000000", "qty": "0.30500000", "quoteQty": "17.69610000", "time": 1693156968326, "isBuyerMaker": false, "isBestMatch": true}, {"id": 104600997, "price": "58.02000000", "qty": "0.48400000", "quoteQty": "28.08168000", "time": 1693156968326, "isBuyerMaker": false, "isBestMatch": true}, {"id": 104600998, "price": "58.02000000", "qty": "0.57000000", "quoteQty": "33.07140000", "time": 1693156968326, "isBuyerMaker": false, "isBestMatch": true}, {"id": 104600999, "price": "58.01000000", "qty": "0.27100000", "quoteQty": "15.72071000", "time": 1693156976962, "isBuyerMaker": true, "isBestMatch": true}, {"id": 104601000, "price": "58.01000000", "qty": "3.18000000", "quoteQty": "184.47180000", "time": 1693156985397, "isBuyerMaker": false, "isBestMatch": true}, {"id": 104601001, "price": "58.01000000", "qty": "1.48200000", "quoteQty": "85.97082000", "time": 1693156985397, "isBuyerMaker": false, "isBestMatch": true}, {"id": 104601002, "price": "58.01000000", "qty": "0.31300000", "quoteQty": "18.15713000", "time": 1693156985397, "isBuyerMaker": false, "isBestMatch": true}, {"id": 104601003, "price": "58.01000000", "qty": "0.18800000", "quoteQty": "10.90588000", "time": 1693156985397, "isBuyerMaker": false, "isBestMatch": true}, {"id": 104601004, "price": "58.01000000", "qty": "0.12500000", "quoteQty": "7.25125000", "time": 1693156990492, "isBuyerMaker": false, "isBestMatch": true}, {"id": 104601005, "price": "58.01000000", "qty": "0.74100000", "quoteQty": "42.98541000", "time": 1693156990492, "isBuyerMaker": false, "isBestMatch": true}, {"id": 104601006, "price": "58.01000000", "qty": "0.31300000", "quoteQty": "18.15713000", "time": 1693156990492, "isBuyerMaker": false, "isBestMatch": true}, {"id": 104601007, "price": "58.01000000", "qty": "0.31300000", "quoteQty": "18.15713000", "time": 1693156990492, "isBuyerMaker": false, "isBestMatch": true}, {"id": 104601008, "price": "58.01000000", "qty": "0.31300000", "quoteQty": "18.15713000", "time": 1693156990492, "isBuyerMaker": false, "isBestMatch": true}, {"id": 104601009, "price": "58.01000000", "qty": "0.31300000", "quoteQty": "18.15713000", "time": 1693156990492, "isBuyerMaker": false, "isBestMatch": true}, {"id": 104601010, "price": "58.01000000", "qty": "0.29200000", "quoteQty": "16.93892000", "time": 1693156990492, "isBuyerMaker": false, "isBestMatch": true}, {"id": 104601011, "price": "58.02000000", "qty": "0.17300000", "quoteQty": "10.03746000", "time": 1693156990492, "isBuyerMaker": false, "isBestMatch": true}, {"id": 104601012, "price": "58.02000000", "qty": "1.99500000", "quoteQty": "115.74990000", "time": 1693156990492, "isBuyerMaker": false, "isBestMatch": true}, {"id": 104601013, "price": "58.03000000", "qty": "0.62200000", "quoteQty": "36.09466000", "time": 1693156990492, "isBuyerMaker": false, "isBestMatch": true}, {"id": 104601014, "price": "58.01000000", "qty": "1.99700000", "quoteQty": "115.84597000", "time": 1693157017815, "isBuyerMaker": true, "isBestMatch": true}, {"id": 104601015, "price": "58.01000000", "qty": "1.72500000", "quoteQty": "100.06725000", "time": 1693157017815, "isBuyerMaker": true, "isBestMatch": true}, {"id": 104601016, "price": "58.01000000", "qty": "0.03700000", "quoteQty": "2.14637000", "time": 1693157017815, "isBuyerMaker": true, "isBestMatch": true}, {"id": 104601017, "price": "58.02000000", "qty": "1.35700000", "quoteQty": "78.73314000", "time": 1693157024526, "isBuyerMaker": false, "isBestMatch": true}, {"id": 104601018, "price": "58.03000000", "qty": "0.37000000", "quoteQty": "21.47110000", "time": 1693157024526, "isBuyerMaker": false, "isBestMatch": true}, {"id": 104601019, "price": "58.03000000", "qty": "1.99600000", "quoteQty": "115.82788000", "time": 1693157024526, "isBuyerMaker": false, "isBestMatch": true}, {"id": 104601020, "price": "58.04000000", "qty": "1.47700000", "quoteQty": "85.72508000", "time": 1693157024526, "isBuyerMaker": false, "isBestMatch": true}, {"id": 104601021, "price": "58.04000000", "qty": "1.23300000", "quoteQty": "71.56332000", "time": 1693157030501, "isBuyerMaker": false, "isBestMatch": true}, {"id": 104601022, "price": "58.04000000", "qty": "0.44100000", "quoteQty": "25.59564000", "time": 1693157030501, "isBuyerMaker": false, "isBestMatch": true}, {"id": 104601023, "price": "58.04000000", "qty": "0.44100000", "quoteQty": "25.59564000", "time": 1693157030501, "isBuyerMaker": false, "isBestMatch": true}, {"id": 104601024, "price": "58.04000000", "qty": "0.44100000", "quoteQty": "25.59564000", "time": 1693157030501, "isBuyerMaker": false, "isBestMatch": true}, {"id": 104601025, "price": "58.04000000", "qty": "0.44100000", "quoteQty": "25.59564000", "time": 1693157030501, "isBuyerMaker": false, "isBestMatch": true}, {"id": 104601026, "price": "58.04000000", "qty": "0.44100000", "quoteQty": "25.59564000", "time": 1693157030501, "isBuyerMaker": false, "isBestMatch": true}, {"id": 104601027, "price": "58.04000000", "qty": "0.44100000", "quoteQty": "25.59564000", "time": 1693157030501, "isBuyerMaker": false, "isBestMatch": true}, {"id": 104601028, "price": "58.04000000", "qty": "0.21500000", "quoteQty": "12.47860000", "time": 1693157030501, "isBuyerMaker": false, "isBestMatch": true}, {"id": 104601029, "price": "58.05000000", "qty": "1.10600000", "quoteQty": "64.20330000", "time": 1693157030501, "isBuyerMaker": false, "isBestMatch": true}, {"id": 104601030, "price": "58.04000000", "qty": "0.10500000", "quoteQty": "6.09420000", "time": 1693157033062, "isBuyerMaker": false, "isBestMatch": true}, {"id": 104601031, "price": "58.04000000", "qty": "0.32600000", "quoteQty": "18.92104000", "time": 1693157052135, "isBuyerMaker": false, "isBestMatch": true}, {"id": 104601032, "price": "58.04000000", "qty": "0.00100000", "quoteQty": "0.05804000", "time": 1693157052135, "isBuyerMaker": false, "isBestMatch": true}, {"id": 104601033, "price": "58.03000000", "qty": "1.99600000", "quoteQty": "115.82788000", "time": 1693157064155, "isBuyerMaker": true, "isBestMatch": true}, {"id": 104601034, "price": "58.03000000", "qty": "4.47800000", "quoteQty": "259.85834000", "time": 1693157064155, "isBuyerMaker": true, "isBestMatch": true}, {"id": 104601035, "price": "58.03000000", "qty": "3.61400000", "quoteQty": "209.72042000", "time": 1693157064155, "isBuyerMaker": true, "isBestMatch": true}, {"id": 104601036, "price": "58.03000000", "qty": "0.12300000", "quoteQty": "7.13769000", "time": 1693157064155, "isBuyerMaker": true, "isBestMatch": true}, {"id": 104601037, "price": "58.03000000", "qty": "3.18000000", "quoteQty": "184.53540000", "time": 1693157067709, "isBuyerMaker": false, "isBestMatch": true}, {"id": 104601038, "price": "58.03000000", "qty": "0.21600000", "quoteQty": "12.53448000", "time": 1693157067709, "isBuyerMaker": false, "isBestMatch": true}, {"id": 104601039, "price": "58.03000000", "qty": "0.29900000", "quoteQty": "17.35097000", "time": 1693157067709, "isBuyerMaker": false, "isBestMatch": true}, {"id": 104601040, "price": "58.03000000", "qty": "0.29900000", "quoteQty": "17.35097000", "time": 1693157067709, "isBuyerMaker": false, "isBestMatch": true}, {"id": 104601041, "price": "58.03000000", "qty": "0.29900000", "quoteQty": "17.35097000", "time": 1693157067709, "isBuyerMaker": false, "isBestMatch": true}, {"id": 104601042, "price": "58.03000000", "qty": "0.29900000", "quoteQty": "17.35097000", "time": 1693157067709, "isBuyerMaker": false, "isBestMatch": true}, {"id": 104601043, "price": "58.03000000", "qty": "0.29900000", "quoteQty": "17.35097000", "time": 1693157067709, "isBuyerMaker": false, "isBestMatch": true}, {"id": 104601044, "price": "58.03000000", "qty": "0.29900000", "quoteQty": "17.35097000", "time": 1693157067709, "isBuyerMaker": false, "isBestMatch": true}, {"id": 104601045, "price": "58.03000000", "qty": "0.01000000", "quoteQty": "0.58030000", "time": 1693157067709, "isBuyerMaker": false, "isBestMatch": true}, {"id": 104601046, "price": "58.03000000", "qty": "0.24200000", "quoteQty": "14.04326000", "time": 1693157098294, "isBuyerMaker": false, "isBestMatch": true}, {"id": 104601047, "price": "58.04000000", "qty": "0.60000000", "quoteQty": "34.82400000", "time": 1693157098294, "isBuyerMaker": false, "isBestMatch": true}, {"id": 104601048, "price": "58.04000000", "qty": "0.51800000", "quoteQty": "30.06472000", "time": 1693157098294, "isBuyerMaker": false, "isBestMatch": true}, {"id": 104601049, "price": "58.04000000", "qty": "0.21600000", "quoteQty": "12.53664000", "time": 1693157098294, "isBuyerMaker": false, "isBestMatch": true}, {"id": 104601050, "price": "58.05000000", "qty": "3.62400000", "quoteQty": "210.37320000", "time": 1693157098294, "isBuyerMaker": false, "isBestMatch": true}, {"id": 104601051, "price": "58.04000000", "qty": "1.99600000", "quoteQty": "115.84784000", "time": 1693157098301, "isBuyerMaker": true, "isBestMatch": true}, {"id": 104601052, "price": "58.04000000", "qty": "1.99600000", "quoteQty": "115.84784000", "time": 1693157098433, "isBuyerMaker": true, "isBestMatch": true}, {"id": 104601053, "price": "58.04000000", "qty": "1.99400000", "quoteQty": "115.73176000", "time": 1693157098670, "isBuyerMaker": true, "isBestMatch": true}, {"id": 104601054, "price": "58.03000000", "qty": "1.99500000", "quoteQty": "115.76985000", "time": 1693157138064, "isBuyerMaker": true, "isBestMatch": true}, {"id": 104601055, "price": "58.03000000", "qty": "1.72400000", "quoteQty": "100.04372000", "time": 1693157138064, "isBuyerMaker": true, "isBestMatch": true}, {"id": 104601056, "price": "58.03000000", "qty": "0.21700000", "quoteQty": "12.59251000", "time": 1693157138064, "isBuyerMaker": true, "isBestMatch": true}, {"id": 104601057, "price": "58.03000000", "qty": "0.18300000", "quoteQty": "10.61949000", "time": 1693157138064, "isBuyerMaker": true, "isBestMatch": true}, {"id": 104601058, "price": "58.03000000", "qty": "0.11400000", "quoteQty": "6.61542000", "time": 1693157138064, "isBuyerMaker": true, "isBestMatch": true}, {"id": 104601059, "price": "58.02000000", "qty": "0.24200000", "quoteQty": "14.04084000", "time": 1693157152477, "isBuyerMaker": true, "isBestMatch": true}, {"id": 104601060, "price": "58.03000000", "qty": "1.99500000", "quoteQty": "115.76985000", "time": 1693157159124, "isBuyerMaker": false, "isBestMatch": true}, {"id": 104601061, "price": "58.03000000", "qty": "0.49200000", "quoteQty": "28.55076000", "time": 1693157159124, "isBuyerMaker": false, "isBestMatch": true}, {"id": 104601062, "price": "58.03000000", "qty": "0.04200000", "quoteQty": "2.43726000", "time": 1693157159124, "isBuyerMaker": false, "isBestMatch": true}, {"id": 104601063, "price": "58.02000000", "qty": "1.48200000", "quoteQty": "85.98564000", "time": 1693157171951, "isBuyerMaker": true, "isBestMatch": true}, {"id": 104601064, "price": "58.01000000", "qty": "1.72400000", "quoteQty": "100.00924000", "time": 1693157171951, "isBuyerMaker": true, "isBestMatch": true}, {"id": 104601065, "price": "58.01000000", "qty": "0.85800000", "quoteQty": "49.77258000", "time": 1693157171951, "isBuyerMaker": true, "isBestMatch": true}, {"id": 104601066, "price": "58.00000000", "qty": "1.99600000", "quoteQty": "115.76800000", "time": 1693157187547, "isBuyerMaker": true, "isBestMatch": true}, {"id": 104601067, "price": "58.00000000", "qty": "0.28400000", "quoteQty": "16.47200000", "time": 1693157187547, "isBuyerMaker": true, "isBestMatch": true}, {"id": 104601068, "price": "58.00000000", "qty": "12.15900000", "quoteQty": "705.22200000", "time": 1693157187547, "isBuyerMaker": true, "isBestMatch": true}, {"id": 104601069, "price": "58.00000000", "qty": "1.16200000", "quoteQty": "67.39600000", "time": 1693157187547, "isBuyerMaker": true, "isBestMatch": true}, {"id": 104601070, "price": "58.00000000", "qty": "6.61500000", "quoteQty": "383.67000000", "time": 1693157187547, "isBuyerMaker": true, "isBestMatch": true}, {"id": 104601071, "price": "58.00000000", "qty": "4.00300000", "quoteQty": "232.17400000", "time": 1693157187547, "isBuyerMaker": true, "isBestMatch": true}, {"id": 104601072, "price": "58.00000000", "qty": "6.01100000", "quoteQty": "348.63800000", "time": 1693157187547, "isBuyerMaker": true, "isBestMatch": true}, {"id": 104601073, "price": "57.99000000", "qty": "0.15800000", "quoteQty": "9.16242000", "time": 1693157187547, "isBuyerMaker": true, "isBestMatch": true}, {"id": 104601074, "price": "58.00000000", "qty": "0.36500000", "quoteQty": "21.17000000", "time": 1693157196078, "isBuyerMaker": true, "isBestMatch": true}, {"id": 104601075, "price": "58.00000000", "qty": "0.19400000", "quoteQty": "11.25200000", "time": 1693157196225, "isBuyerMaker": true, "isBestMatch": true}, {"id": 104601076, "price": "58.00000000", "qty": "0.02200000", "quoteQty": "1.27600000", "time": 1693157196282, "isBuyerMaker": true, "isBestMatch": true}, {"id": 104601077, "price": "58.00000000", "qty": "0.19200000", "quoteQty": "11.13600000", "time": 1693157196282, "isBuyerMaker": true, "isBestMatch": true}, {"id": 104601078, "price": "58.01000000", "qty": "1.76900000", "quoteQty": "102.61969000", "time": 1693157208050, "isBuyerMaker": false, "isBestMatch": true}, {"id": 104601079, "price": "57.99000000", "qty": "0.30000000", "quoteQty": "17.39700000", "time": 1693157223905, "isBuyerMaker": true, "isBestMatch": true}, {"id": 104601080, "price": "58.00000000", "qty": "1.99700000", "quoteQty": "115.82600000", "time": 1693157226246, "isBuyerMaker": false, "isBestMatch": true}, {"id": 104601081, "price": "58.00000000", "qty": "1.72400000", "quoteQty": "99.99200000", "time": 1693157226246, "isBuyerMaker": false, "isBestMatch": true}, {"id": 104601082, "price": "58.00000000", "qty": "1.47900000", "quoteQty": "85.78200000", "time": 1693157226246, "isBuyerMaker": false, "isBestMatch": true}, {"id": 104601083, "price": "57.99000000", "qty": "0.17400000", "quoteQty": "10.09026000", "time": 1693157240083, "isBuyerMaker": true, "isBestMatch": true}, {"id": 104601084, "price": "57.99000000", "qty": "1.02300000", "quoteQty": "59.32377000", "time": 1693157240083, "isBuyerMaker": true, "isBestMatch": true}, {"id": 104601085, "price": "57.99000000", "qty": "0.50000000", "quoteQty": "28.99500000", "time": 1693157240083, "isBuyerMaker": true, "isBestMatch": true}, {"id": 104601086, "price": "57.99000000", "qty": "0.29200000", "quoteQty": "16.93308000", "time": 1693157240083, "isBuyerMaker": true, "isBestMatch": true}, {"id": 104601087, "price": "57.98000000", "qty": "0.17400000", "quoteQty": "10.08852000", "time": 1693157247840, "isBuyerMaker": true, "isBestMatch": true}, {"id": 104601088, "price": "57.98000000", "qty": "0.11700000", "quoteQty": "6.78366000", "time": 1693157248096, "isBuyerMaker": true, "isBestMatch": true}, {"id": 104601089, "price": "57.98000000", "qty": "0.23900000", "quoteQty": "13.85722000", "time": 1693157248096, "isBuyerMaker": true, "isBestMatch": true}, {"id": 104601090, "price": "57.98000000", "qty": "0.03600000", "quoteQty": "2.08728000", "time": 1693157248389, "isBuyerMaker": true, "isBestMatch": true}, {"id": 104601091, "price": "57.98000000", "qty": "0.16500000", "quoteQty": "9.56670000", "time": 1693157248389, "isBuyerMaker": true, "isBestMatch": true}, {"id": 104601092, "price": "57.98000000", "qty": "0.29800000", "quoteQty": "17.27804000", "time": 1693157248557, "isBuyerMaker": true, "isBestMatch": true}, {"id": 104601093, "price": "57.98000000", "qty": "0.20000000", "quoteQty": "11.59600000", "time": 1693157248635, "isBuyerMaker": true, "isBestMatch": true}, {"id": 104601094, "price": "57.98000000", "qty": "0.16600000", "quoteQty": "9.62468000", "time": 1693157249200, "isBuyerMaker": true, "isBestMatch": true}, {"id": 104601095, "price": "57.98000000", "qty": "1.29700000", "quoteQty": "75.20006000", "time": 1693157249654, "isBuyerMaker": true, "isBestMatch": true}, {"id": 104601096, "price": "57.98000000", "qty": "0.20300000", "quoteQty": "11.76994000", "time": 1693157249826, "isBuyerMaker": true, "isBestMatch": true}, {"id": 104601097, "price": "57.98000000", "qty": "0.35400000", "quoteQty": "20.52492000", "time": 1693157250074, "isBuyerMaker": true, "isBestMatch": true}, {"id": 104601098, "price": "57.98000000", "qty": "0.20400000", "quoteQty": "11.82792000", "time": 1693157250125, "isBuyerMaker": true, "isBestMatch": true}, {"id": 104601099, "price": "57.98000000", "qty": "0.15400000", "quoteQty": "8.92892000", "time": 1693157250572, "isBuyerMaker": true, "isBestMatch": true}, {"id": 104601100, "price": "57.98000000", "qty": "0.34100000", "quoteQty": "19.77118000", "time": 1693157251070, "isBuyerMaker": true, "isBestMatch": true}, {"id": 104601101, "price": "57.98000000", "qty": "0.19900000", "quoteQty": "11.53802000", "time": 1693157251610, "isBuyerMaker": true, "isBestMatch": true}, {"id": 104601102, "price": "57.98000000", "qty": "0.19300000", "quoteQty": "11.19014000", "time": 1693157251789, "isBuyerMaker": true, "isBestMatch": true}, {"id": 104601103, "price": "57.98000000", "qty": "0.21200000", "quoteQty": "12.29176000", "time": 1693157251825, "isBuyerMaker": true, "isBestMatch": true}, {"id": 104601104, "price": "57.98000000", "qty": "0.53100000", "quoteQty": "30.78738000", "time": 1693157251983, "isBuyerMaker": true, "isBestMatch": true}, {"id": 104601105, "price": "57.98000000", "qty": "0.38400000", "quoteQty": "22.26432000", "time": 1693157252643, "isBuyerMaker": true, "isBestMatch": true}, {"id": 104601106, "price": "57.98000000", "qty": "0.20900000", "quoteQty": "12.11782000", "time": 1693157253265, "isBuyerMaker": true, "isBestMatch": true}, {"id": 104601107, "price": "57.98000000", "qty": "0.25800000", "quoteQty": "14.95884000", "time": 1693157253317, "isBuyerMaker": true, "isBestMatch": true}, {"id": 104601108, "price": "57.98000000", "qty": "0.43400000", "quoteQty": "25.16332000", "time": 1693157253389, "isBuyerMaker": true, "isBestMatch": true}, {"id": 104601109, "price": "57.98000000", "qty": "0.20900000", "quoteQty": "12.11782000", "time": 1693157253425, "isBuyerMaker": true, "isBestMatch": true}, {"id": 104601110, "price": "57.98000000", "qty": "0.18400000", "quoteQty": "10.66832000", "time": 1693157254201, "isBuyerMaker": true, "isBestMatch": true}, {"id": 104601111, "price": "57.98000000", "qty": "0.20900000", "quoteQty": "12.11782000", "time": 1693157254428, "isBuyerMaker": true, "isBestMatch": true}, {"id": 104601112, "price": "57.98000000", "qty": "0.55700000", "quoteQty": "32.29486000", "time": 1693157254732, "isBuyerMaker": true, "isBestMatch": true}, {"id": 104601113, "price": "57.98000000", "qty": "0.20800000", "quoteQty": "12.05984000", "time": 1693157254741, "isBuyerMaker": true, "isBestMatch": true}, {"id": 104601114, "price": "57.98000000", "qty": "0.32100000", "quoteQty": "18.61158000", "time": 1693157254910, "isBuyerMaker": true, "isBestMatch": true}, {"id": 104601115, "price": "57.98000000", "qty": "0.21600000", "quoteQty": "12.52368000", "time": 1693157254917, "isBuyerMaker": true, "isBestMatch": true}, {"id": 104601116, "price": "57.98000000", "qty": "0.21100000", "quoteQty": "12.23378000", "time": 1693157255840, "isBuyerMaker": true, "isBestMatch": true}, {"id": 104601117, "price": "57.98000000", "qty": "0.24500000", "quoteQty": "14.20510000", "time": 1693157256101, "isBuyerMaker": true, "isBestMatch": true}, {"id": 104601118, "price": "57.98000000", "qty": "0.21000000", "quoteQty": "12.17580000", "time": 1693157256175, "isBuyerMaker": true, "isBestMatch": true}, {"id": 104601119, "price": "57.98000000", "qty": "0.71900000", "quoteQty": "41.68762000", "time": 1693157256504, "isBuyerMaker": true, "isBestMatch": true}, {"id": 104601120, "price": "57.98000000", "qty": "0.23700000", "quoteQty": "13.74126000", "time": 1693157256543, "isBuyerMaker": true, "isBestMatch": true}, {"id": 104601121, "price": "57.98000000", "qty": "0.36600000", "quoteQty": "21.22068000", "time": 1693157257381, "isBuyerMaker": true, "isBestMatch": true}, {"id": 104601122, "price": "57.98000000", "qty": "0.22000000", "quoteQty": "12.75560000", "time": 1693157257533, "isBuyerMaker": true, "isBestMatch": true}, {"id": 104601123, "price": "57.98000000", "qty": "0.22700000", "quoteQty": "13.16146000", "time": 1693157257822, "isBuyerMaker": true, "isBestMatch": true}, {"id": 104601124, "price": "57.98000000", "qty": "0.22000000", "quoteQty": "12.75560000", "time": 1693157258389, "isBuyerMaker": true, "isBestMatch": true}, {"id": 104601125, "price": "57.98000000", "qty": "0.48700000", "quoteQty": "28.23626000", "time": 1693157259099, "isBuyerMaker": true, "isBestMatch": true}, {"id": 104601126, "price": "57.98000000", "qty": "0.25200000", "quoteQty": "14.61096000", "time": 1693157259099, "isBuyerMaker": true, "isBestMatch": true}, {"id": 104601127, "price": "57.99000000", "qty": "0.17300000", "quoteQty": "10.03227000", "time": 1693157259425, "isBuyerMaker": false, "isBestMatch": true}, {"id": 104601128, "price": "57.98000000", "qty": "0.29200000", "quoteQty": "16.93016000", "time": 1693157259581, "isBuyerMaker": true, "isBestMatch": true}, {"id": 104601129, "price": "57.98000000", "qty": "0.21600000", "quoteQty": "12.52368000", "time": 1693157259992, "isBuyerMaker": true, "isBestMatch": true}, {"id": 104601130, "price": "57.98000000", "qty": "0.36400000", "quoteQty": "21.10472000", "time": 1693157260205, "isBuyerMaker": true, "isBestMatch": true}, {"id": 104601131, "price": "57.98000000", "qty": "0.64900000", "quoteQty": "37.62902000", "time": 1693157260996, "isBuyerMaker": true, "isBestMatch": true}, {"id": 104601132, "price": "57.98000000", "qty": "0.32400000", "quoteQty": "18.78552000", "time": 1693157261340, "isBuyerMaker": true, "isBestMatch": true}, {"id": 104601133, "price": "57.98000000", "qty": "0.22600000", "quoteQty": "13.10348000", "time": 1693157261389, "isBuyerMaker": true, "isBestMatch": true}, {"id": 104601134, "price": "57.98000000", "qty": "0.37000000", "quoteQty": "21.45260000", "time": 1693157261489, "isBuyerMaker": true, "isBestMatch": true}, {"id": 104601135, "price": "57.98000000", "qty": "0.22200000", "quoteQty": "12.87156000", "time": 1693157261916, "isBuyerMaker": true, "isBestMatch": true}, {"id": 104601136, "price": "57.98000000", "qty": "1.55800000", "quoteQty": "90.33284000", "time": 1693157262510, "isBuyerMaker": true, "isBestMatch": true}, {"id": 104601137, "price": "57.98000000", "qty": "0.22100000", "quoteQty": "12.81358000", "time": 1693157262843, "isBuyerMaker": true, "isBestMatch": true}, {"id": 104601138, "price": "57.98000000", "qty": "0.22200000", "quoteQty": "12.87156000", "time": 1693157262907, "isBuyerMaker": true, "isBestMatch": true}, {"id": 104601139, "price": "57.98000000", "qty": "0.19400000", "quoteQty": "11.24812000", "time": 1693157262930, "isBuyerMaker": true, "isBestMatch": true}, {"id": 104601140, "price": "57.98000000", "qty": "0.50300000", "quoteQty": "29.16394000", "time": 1693157263349, "isBuyerMaker": true, "isBestMatch": true}, {"id": 104601141, "price": "57.98000000", "qty": "0.22300000", "quoteQty": "12.92954000", "time": 1693157263969, "isBuyerMaker": true, "isBestMatch": true}, {"id": 104601142, "price": "57.98000000", "qty": "0.22700000", "quoteQty": "13.16146000", "time": 1693157264458, "isBuyerMaker": true, "isBestMatch": true}, {"id": 104601143, "price": "57.98000000", "qty": "0.38000000", "quoteQty": "22.03240000", "time": 1693157264764, "isBuyerMaker": true, "isBestMatch": true}, {"id": 104601144, "price": "57.98000000", "qty": "0.36400000", "quoteQty": "21.10472000", "time": 1693157264871, "isBuyerMaker": true, "isBestMatch": true}, {"id": 104601145, "price": "57.98000000", "qty": "0.23600000", "quoteQty": "13.68328000", "time": 1693157264908, "isBuyerMaker": true, "isBestMatch": true}, {"id": 104601146, "price": "57.98000000", "qty": "0.39200000", "quoteQty": "22.72816000", "time": 1693157265485, "isBuyerMaker": true, "isBestMatch": true}, {"id": 104601147, "price": "57.98000000", "qty": "0.23900000", "quoteQty": "13.85722000", "time": 1693157265902, "isBuyerMaker": true, "isBestMatch": true}, {"id": 104601148, "price": "57.98000000", "qty": "0.24000000", "quoteQty": "13.91520000", "time": 1693157266339, "isBuyerMaker": true, "isBestMatch": true}, {"id": 104601149, "price": "57.98000000", "qty": "0.23200000", "quoteQty": "13.45136000", "time": 1693157266632, "isBuyerMaker": true, "isBestMatch": true}, {"id": 104601150, "price": "57.98000000", "qty": "0.23900000", "quoteQty": "13.85722000", "time": 1693157266815, "isBuyerMaker": true, "isBestMatch": true}, {"id": 104601151, "price": "57.98000000", "qty": "0.28100000", "quoteQty": "16.29238000", "time": 1693157267150, "isBuyerMaker": true, "isBestMatch": true}, {"id": 104601152, "price": "57.98000000", "qty": "0.32400000", "quoteQty": "18.78552000", "time": 1693157267421, "isBuyerMaker": true, "isBestMatch": true}, {"id": 104601153, "price": "57.98000000", "qty": "0.24300000", "quoteQty": "14.08914000", "time": 1693157267784, "isBuyerMaker": true, "isBestMatch": true}, {"id": 104601154, "price": "57.98000000", "qty": "0.23700000", "quoteQty": "13.74126000", "time": 1693157268365, "isBuyerMaker": true, "isBestMatch": true}, {"id": 104601155, "price": "57.98000000", "qty": "0.24100000", "quoteQty": "13.97318000", "time": 1693157268799, "isBuyerMaker": true, "isBestMatch": true}, {"id": 104601156, "price": "57.98000000", "qty": "0.24100000", "quoteQty": "13.97318000", "time": 1693157269301, "isBuyerMaker": true, "isBestMatch": true}, {"id": 104601157, "price": "57.98000000", "qty": "0.25700000", "quoteQty": "14.90086000", "time": 1693157269321, "isBuyerMaker": true, "isBestMatch": true}, {"id": 104601158, "price": "57.98000000", "qty": "0.24300000", "quoteQty": "14.08914000", "time": 1693157269751, "isBuyerMaker": true, "isBestMatch": true}, {"id": 104601159, "price": "57.98000000", "qty": "0.25500000", "quoteQty": "14.78490000", "time": 1693157270779, "isBuyerMaker": true, "isBestMatch": true}, {"id": 104601160, "price": "57.98000000", "qty": "0.39700000", "quoteQty": "23.01806000", "time": 1693157271131, "isBuyerMaker": true, "isBestMatch": true}, {"id": 104601161, "price": "57.98000000", "qty": "0.19500000", "quoteQty": "11.30610000", "time": 1693157271366, "isBuyerMaker": true, "isBestMatch": true}, {"id": 104601162, "price": "57.98000000", "qty": "0.72700000", "quoteQty": "42.15146000", "time": 1693157271460, "isBuyerMaker": true, "isBestMatch": true}, {"id": 104601163, "price": "57.98000000", "qty": "0.35900000", "quoteQty": "20.81482000", "time": 1693157271561, "isBuyerMaker": true, "isBestMatch": true}, {"id": 104601164, "price": "57.98000000", "qty": "0.24400000", "quoteQty": "14.14712000", "time": 1693157272279, "isBuyerMaker": true, "isBestMatch": true}, {"id": 104601165, "price": "57.98000000", "qty": "0.23700000", "quoteQty": "13.74126000", "time": 1693157272680, "isBuyerMaker": true, "isBestMatch": true}, {"id": 104601166, "price": "57.98000000", "qty": "0.96500000", "quoteQty": "55.95070000", "time": 1693157272948, "isBuyerMaker": true, "isBestMatch": true}, {"id": 104601167, "price": "57.98000000", "qty": "0.31000000", "quoteQty": "17.97380000", "time": 1693157273213, "isBuyerMaker": true, "isBestMatch": true}, {"id": 104601168, "price": "57.98000000", "qty": "0.28000000", "quoteQty": "16.23440000", "time": 1693157274553, "isBuyerMaker": true, "isBestMatch": true}, {"id": 104601169, "price": "57.98000000", "qty": "1.13600000", "quoteQty": "65.86528000", "time": 1693157275882, "isBuyerMaker": true, "isBestMatch": true}, {"id": 104601170, "price": "57.98000000", "qty": "0.48200000", "quoteQty": "27.94636000", "time": 1693157276162, "isBuyerMaker": true, "isBestMatch": true}, {"id": 104601171, "price": "58.00000000", "qty": "5.20000000", "quoteQty": "301.60000000", "time": 1693157286660, "isBuyerMaker": false, "isBestMatch": true}, {"id": 104601172, "price": "57.99000000", "qty": "1.78600000", "quoteQty": "103.57014000", "time": 1693157300057, "isBuyerMaker": true, "isBestMatch": true}, {"id": 104601173, "price": "57.99000000", "qty": "4.60400000", "quoteQty": "266.98596000", "time": 1693157300057, "isBuyerMaker": true, "isBestMatch": true}, {"id": 104601174, "price": "57.98000000", "qty": "1.93900000", "quoteQty": "112.42322000", "time": 1693157336830, "isBuyerMaker": false, "isBestMatch": true}, {"id": 104601175, "price": "57.97000000", "qty": "0.30100000", "quoteQty": "17.44897000", "time": 1693157348906, "isBuyerMaker": true, "isBestMatch": true}, {"id": 104601176, "price": "57.97000000", "qty": "0.75600000", "quoteQty": "43.82532000", "time": 1693157348906, "isBuyerMaker": true, "isBestMatch": true}, {"id": 104601177, "price": "57.97000000", "qty": "0.15800000", "quoteQty": "9.15926000", "time": 1693157352677, "isBuyerMaker": false, "isBestMatch": true}, {"id": 104601178, "price": "57.97000000", "qty": "0.11000000", "quoteQty": "6.37670000", "time": 1693157353494, "isBuyerMaker": false, "isBestMatch": true}, {"id": 104601179, "price": "57.96000000", "qty": "0.27500000", "quoteQty": "15.93900000", "time": 1693157361198, "isBuyerMaker": true, "isBestMatch": true}, {"id": 104601180, "price": "57.96000000", "qty": "1.00800000", "quoteQty": "58.42368000", "time": 1693157361198, "isBuyerMaker": true, "isBestMatch": true}, {"id": 104601181, "price": "57.95000000", "qty": "3.56500000", "quoteQty": "206.59175000", "time": 1693157361198, "isBuyerMaker": true, "isBestMatch": true}, {"id": 104601182, "price": "57.96000000", "qty": "0.13300000", "quoteQty": "7.70868000", "time": 1693157363465, "isBuyerMaker": false, "isBestMatch": true}, {"id": 104601183, "price": "57.95000000", "qty": "0.20000000", "quoteQty": "11.59000000", "time": 1693157382632, "isBuyerMaker": true, "isBestMatch": true}, {"id": 104601184, "price": "57.95000000", "qty": "3.73400000", "quoteQty": "216.38530000", "time": 1693157388110, "isBuyerMaker": true, "isBestMatch": true}, {"id": 104601185, "price": "57.95000000", "qty": "0.28400000", "quoteQty": "16.45780000", "time": 1693157388110, "isBuyerMaker": true, "isBestMatch": true}, {"id": 104601186, "price": "57.94000000", "qty": "0.21200000", "quoteQty": "12.28328000", "time": 1693157390608, "isBuyerMaker": true, "isBestMatch": true}, {"id": 104601187, "price": "57.95000000", "qty": "0.43400000", "quoteQty": "25.15030000", "time": 1693157392306, "isBuyerMaker": false, "isBestMatch": true}, {"id": 104601188, "price": "57.95000000", "qty": "1.72600000", "quoteQty": "100.02170000", "time": 1693157392306, "isBuyerMaker": false, "isBestMatch": true}, {"id": 104601189, "price": "57.95000000", "qty": "0.43400000", "quoteQty": "25.15030000", "time": 1693157392306, "isBuyerMaker": false, "isBestMatch": true}, {"id": 104601190, "price": "57.95000000", "qty": "0.43400000", "quoteQty": "25.15030000", "time": 1693157392306, "isBuyerMaker": false, "isBestMatch": true}, {"id": 104601191, "price": "57.95000000", "qty": "0.43400000", "quoteQty": "25.15030000", "time": 1693157392306, "isBuyerMaker": false, "isBestMatch": true}, {"id": 104601192, "price": "57.95000000", "qty": "0.43400000", "quoteQty": "25.15030000", "time": 1693157392306, "isBuyerMaker": false, "isBestMatch": true}, {"id": 104601193, "price": "57.95000000", "qty": "0.30600000", "quoteQty": "17.73270000", "time": 1693157392306, "isBuyerMaker": false, "isBestMatch": true}, {"id": 104601194, "price": "57.96000000", "qty": "0.99800000", "quoteQty": "57.84408000", "time": 1693157392306, "isBuyerMaker": false, "isBestMatch": true}, {"id": 104601195, "price": "57.95000000", "qty": "1.99800000", "quoteQty": "115.78410000", "time": 1693157396088, "isBuyerMaker": true, "isBestMatch": true}, {"id": 104601196, "price": "57.95000000", "qty": "1.78800000", "quoteQty": "103.61460000", "time": 1693157401098, "isBuyerMaker": false, "isBestMatch": true}, {"id": 104601197, "price": "57.95000000", "qty": "0.56900000", "quoteQty": "32.97355000", "time": 1693157401098, "isBuyerMaker": false, "isBestMatch": true}, {"id": 104601198, "price": "57.95000000", "qty": "0.56900000", "quoteQty": "32.97355000", "time": 1693157401098, "isBuyerMaker": false, "isBestMatch": true}, {"id": 104601199, "price": "57.95000000", "qty": "0.56900000", "quoteQty": "32.97355000", "time": 1693157401098, "isBuyerMaker": false, "isBestMatch": true}, {"id": 104601200, "price": "57.95000000", "qty": "0.56900000", "quoteQty": "32.97355000", "time": 1693157401098, "isBuyerMaker": false, "isBestMatch": true}, {"id": 104601201, "price": "57.95000000", "qty": "0.01900000", "quoteQty": "1.10105000", "time": 1693157401098, "isBuyerMaker": false, "isBestMatch": true}, {"id": 104601202, "price": "57.95000000", "qty": "0.55000000", "quoteQty": "31.87250000", "time": 1693157401101, "isBuyerMaker": false, "isBestMatch": true}, {"id": 104601203, "price": "57.95000000", "qty": "0.08300000", "quoteQty": "4.80985000", "time": 1693157401101, "isBuyerMaker": false, "isBestMatch": true}, {"id": 104601204, "price": "57.96000000", "qty": "1.99900000", "quoteQty": "115.86204000", "time": 1693157401133, "isBuyerMaker": true, "isBestMatch": true}, {"id": 104601205, "price": "57.97000000", "qty": "5.20000000", "quoteQty": "301.44400000", "time": 1693157401196, "isBuyerMaker": false, "isBestMatch": true}, {"id": 104601206, "price": "57.97000000", "qty": "1.72600000", "quoteQty": "100.05622000", "time": 1693157402971, "isBuyerMaker": false, "isBestMatch": true}, {"id": 104601207, "price": "57.97000000", "qty": "0.53700000", "quoteQty": "31.12989000", "time": 1693157402971, "isBuyerMaker": false, "isBestMatch": true}, {"id": 104601208, "price": "57.97000000", "qty": "0.53700000", "quoteQty": "31.12989000", "time": 1693157402971, "isBuyerMaker": false, "isBestMatch": true}, {"id": 104601209, "price": "57.97000000", "qty": "0.53700000", "quoteQty": "31.12989000", "time": 1693157402971, "isBuyerMaker": false, "isBestMatch": true}, {"id": 104601210, "price": "57.97000000", "qty": "0.07400000", "quoteQty": "4.28978000", "time": 1693157402971, "isBuyerMaker": false, "isBestMatch": true}, {"id": 104601211, "price": "57.97000000", "qty": "1.10500000", "quoteQty": "64.05685000", "time": 1693157403433, "isBuyerMaker": false, "isBestMatch": true}, {"id": 104601212, "price": "57.98000000", "qty": "0.55200000", "quoteQty": "32.00496000", "time": 1693157403555, "isBuyerMaker": false, "isBestMatch": true}, {"id": 104601213, "price": "57.99000000", "qty": "4.64800000", "quoteQty": "269.53752000", "time": 1693157403555, "isBuyerMaker": false, "isBestMatch": true}, {"id": 104601214, "price": "57.99000000", "qty": "0.22000000", "quoteQty": "12.75780000", "time": 1693157430691, "isBuyerMaker": false, "isBestMatch": true}, {"id": 104601215, "price": "57.98000000", "qty": "1.72400000", "quoteQty": "99.95752000", "time": 1693157431563, "isBuyerMaker": true, "isBestMatch": true}, {"id": 104601216, "price": "57.98000000", "qty": "12.12700000", "quoteQty": "703.12346000", "time": 1693157431563, "isBuyerMaker": true, "isBestMatch": true}, {"id": 104601217, "price": "57.98000000", "qty": "3.18200000", "quoteQty": "184.49236000", "time": 1693157455409, "isBuyerMaker": true, "isBestMatch": true}, {"id": 104601218, "price": "57.98000000", "qty": "1.50600000", "quoteQty": "87.31788000", "time": 1693157455412, "isBuyerMaker": true, "isBestMatch": true}, {"id": 104601219, "price": "57.96000000", "qty": "1.40000000", "quoteQty": "81.14400000", "time": 1693157455425, "isBuyerMaker": true, "isBestMatch": true}, {"id": 104601220, "price": "57.96000000", "qty": "0.32500000", "quoteQty": "18.83700000", "time": 1693157455426, "isBuyerMaker": true, "isBestMatch": true}, {"id": 104601221, "price": "57.96000000", "qty": "1.07500000", "quoteQty": "62.30700000", "time": 1693157455426, "isBuyerMaker": true, "isBestMatch": true}, {"id": 104601222, "price": "57.96000000", "qty": "0.40000000", "quoteQty": "23.18400000", "time": 1693157455426, "isBuyerMaker": true, "isBestMatch": true}, {"id": 104601223, "price": "57.96000000", "qty": "1.40000000", "quoteQty": "81.14400000", "time": 1693157455427, "isBuyerMaker": true, "isBestMatch": true}, {"id": 104601224, "price": "57.96000000", "qty": "1.40000000", "quoteQty": "81.14400000", "time": 1693157455428, "isBuyerMaker": true, "isBestMatch": true}, {"id": 104601225, "price": "57.96000000", "qty": "0.38800000", "quoteQty": "22.48848000", "time": 1693157455429, "isBuyerMaker": true, "isBestMatch": true}, {"id": 104601226, "price": "57.96000000", "qty": "1.01200000", "quoteQty": "58.65552000", "time": 1693157455429, "isBuyerMaker": true, "isBestMatch": true}, {"id": 104601227, "price": "57.96000000", "qty": "1.72600000", "quoteQty": "100.03896000", "time": 1693157457223, "isBuyerMaker": true, "isBestMatch": true}, {"id": 104601228, "price": "57.94000000", "qty": "0.29300000", "quoteQty": "16.97642000", "time": 1693157475938, "isBuyerMaker": true, "isBestMatch": true}, {"id": 104601229, "price": "57.94000000", "qty": "0.21300000", "quoteQty": "12.34122000", "time": 1693157475938, "isBuyerMaker": true, "isBestMatch": true}, {"id": 104601230, "price": "57.93000000", "qty": "0.28400000", "quoteQty": "16.45212000", "time": 1693157501324, "isBuyerMaker": true, "isBestMatch": true}, {"id": 104601231, "price": "57.93000000", "qty": "1.71600000", "quoteQty": "99.40788000", "time": 1693157501324, "isBuyerMaker": true, "isBestMatch": true}, {"id": 104601232, "price": "57.92000000", "qty": "0.50000000", "quoteQty": "28.96000000", "time": 1693157503136, "isBuyerMaker": true, "isBestMatch": true}, {"id": 104601233, "price": "57.92000000", "qty": "0.86800000", "quoteQty": "50.27456000", "time": 1693157503136, "isBuyerMaker": true, "isBestMatch": true}, {"id": 104601234, "price": "57.92000000", "qty": "0.28400000", "quoteQty": "16.44928000", "time": 1693157503136, "isBuyerMaker": true, "isBestMatch": true}, {"id": 104601235, "price": "57.92000000", "qty": "2.17700000", "quoteQty": "126.09184000", "time": 1693157503136, "isBuyerMaker": true, "isBestMatch": true}, {"id": 104601236, "price": "57.93000000", "qty": "0.10000000", "quoteQty": "5.79300000", "time": 1693157503400, "isBuyerMaker": false, "isBestMatch": true}, {"id": 104601237, "price": "57.92000000", "qty": "1.73300000", "quoteQty": "100.37536000", "time": 1693157531531, "isBuyerMaker": true, "isBestMatch": true}, {"id": 104601238, "price": "57.92000000", "qty": "0.43400000", "quoteQty": "25.13728000", "time": 1693157531531, "isBuyerMaker": true, "isBestMatch": true}, {"id": 104601239, "price": "57.92000000", "qty": "1.83300000", "quoteQty": "106.16736000", "time": 1693157531531, "isBuyerMaker": true, "isBestMatch": true}, {"id": 104601240, "price": "57.91000000", "qty": "0.28400000", "quoteQty": "16.44644000", "time": 1693157531536, "isBuyerMaker": true, "isBestMatch": true}, {"id": 104601241, "price": "57.90000000", "qty": "0.50000000", "quoteQty": "28.95000000", "time": 1693157536122, "isBuyerMaker": true, "isBestMatch": true}, {"id": 104601242, "price": "57.90000000", "qty": "0.30100000", "quoteQty": "17.42790000", "time": 1693157536122, "isBuyerMaker": true, "isBestMatch": true}, {"id": 104601243, "price": "57.90000000", "qty": "0.37300000", "quoteQty": "21.59670000", "time": 1693157536122, "isBuyerMaker": true, "isBestMatch": true}, {"id": 104601244, "price": "57.90000000", "qty": "0.73900000", "quoteQty": "42.78810000", "time": 1693157540948, "isBuyerMaker": false, "isBestMatch": true}, {"id": 104601245, "price": "57.89000000", "qty": "0.27500000", "quoteQty": "15.91975000", "time": 1693157543371, "isBuyerMaker": true, "isBestMatch": true}, {"id": 104601246, "price": "57.89000000", "qty": "0.07400000", "quoteQty": "4.28386000", "time": 1693157543371, "isBuyerMaker": true, "isBestMatch": true}, {"id": 104601247, "price": "57.90000000", "qty": "0.68100000", "quoteQty": "39.42990000", "time": 1693157583528, "isBuyerMaker": false, "isBestMatch": true}, {"id": 104601248, "price": "57.90000000", "qty": "5.24800000", "quoteQty": "303.85920000", "time": 1693157584793, "isBuyerMaker": false, "isBestMatch": true}, {"id": 104601249, "price": "57.90000000", "qty": "1.84900000", "quoteQty": "107.05710000", "time": 1693157584796, "isBuyerMaker": false, "isBestMatch": true}, {"id": 104601250, "price": "57.90000000", "qty": "22.00200000", "quoteQty": "1273.91580000", "time": 1693157584833, "isBuyerMaker": false, "isBestMatch": true}, {"id": 104601251, "price": "57.90000000", "qty": "8.60900000", "quoteQty": "498.46110000", "time": 1693157584836, "isBuyerMaker": false, "isBestMatch": true}, {"id": 104601252, "price": "57.92000000", "qty": "0.18900000", "quoteQty": "10.94688000", "time": 1693157596924, "isBuyerMaker": false, "isBestMatch": true}, {"id": 104601253, "price": "57.91000000", "qty": "0.29900000", "quoteQty": "17.31509000", "time": 1693157601801, "isBuyerMaker": true, "isBestMatch": true}, {"id": 104601254, "price": "57.89000000", "qty": "0.20000000", "quoteQty": "11.57800000", "time": 1693157601813, "isBuyerMaker": true, "isBestMatch": true}, {"id": 104601255, "price": "57.89000000", "qty": "0.13500000", "quoteQty": "7.81515000", "time": 1693157615415, "isBuyerMaker": false, "isBestMatch": true}, {"id": 104601256, "price": "57.89000000", "qty": "0.70100000", "quoteQty": "40.58089000", "time": 1693157636647, "isBuyerMaker": false, "isBestMatch": true}, {"id": 104601257, "price": "57.88000000", "qty": "0.45000000", "quoteQty": "26.04600000", "time": 1693157656055, "isBuyerMaker": true, "isBestMatch": true}, {"id": 104601258, "price": "57.88000000", "qty": "0.29300000", "quoteQty": "16.95884000", "time": 1693157656055, "isBuyerMaker": true, "isBestMatch": true}, {"id": 104601259, "price": "57.88000000", "qty": "0.23900000", "quoteQty": "13.83332000", "time": 1693157656055, "isBuyerMaker": true, "isBestMatch": true}, {"id": 104601260, "price": "57.87000000", "qty": "0.09500000", "quoteQty": "5.49765000", "time": 1693157656055, "isBuyerMaker": true, "isBestMatch": true}, {"id": 104601261, "price": "57.87000000", "qty": "0.20800000", "quoteQty": "12.03696000", "time": 1693157656055, "isBuyerMaker": true, "isBestMatch": true}, {"id": 104601262, "price": "57.86000000", "qty": "0.20000000", "quoteQty": "11.57200000", "time": 1693157656056, "isBuyerMaker": true, "isBestMatch": true}, {"id": 104601263, "price": "57.86000000", "qty": "0.20000000", "quoteQty": "11.57200000", "time": 1693157656058, "isBuyerMaker": true, "isBestMatch": true}, {"id": 104601264, "price": "57.86000000", "qty": "0.20000000", "quoteQty": "11.57200000", "time": 1693157656058, "isBuyerMaker": true, "isBestMatch": true}, {"id": 104601265, "price": "57.86000000", "qty": "0.20000000", "quoteQty": "11.57200000", "time": 1693157656059, "isBuyerMaker": true, "isBestMatch": true}, {"id": 104601266, "price": "57.86000000", "qty": "13.20200000", "quoteQty": "763.86772000", "time": 1693157656061, "isBuyerMaker": true, "isBestMatch": true}, {"id": 104601267, "price": "57.86000000", "qty": "0.55000000", "quoteQty": "31.82300000", "time": 1693157656064, "isBuyerMaker": true, "isBestMatch": true}, {"id": 104601268, "price": "57.86000000", "qty": "0.45900000", "quoteQty": "26.55774000", "time": 1693157656064, "isBuyerMaker": true, "isBestMatch": true}, {"id": 104601269, "price": "57.86000000", "qty": "1.83000000", "quoteQty": "105.88380000", "time": 1693157656074, "isBuyerMaker": false, "isBestMatch": true}, {"id": 104601270, "price": "57.85000000", "qty": "0.20000000", "quoteQty": "11.57000000", "time": 1693157656074, "isBuyerMaker": true, "isBestMatch": true}, {"id": 104601271, "price": "57.85000000", "qty": "2.00000000", "quoteQty": "115.70000000", "time": 1693157657817, "isBuyerMaker": true, "isBestMatch": true}, {"id": 104601272, "price": "57.85000000", "qty": "2.84000000", "quoteQty": "164.29400000", "time": 1693157657818, "isBuyerMaker": true, "isBestMatch": true}, {"id": 104601273, "price": "57.85000000", "qty": "0.31200000", "quoteQty": "18.04920000", "time": 1693157657818, "isBuyerMaker": true, "isBestMatch": true}, {"id": 104601274, "price": "57.84000000", "qty": "12.31400000", "quoteQty": "712.24176000", "time": 1693157657818, "isBuyerMaker": true, "isBestMatch": true}, {"id": 104601275, "price": "57.84000000", "qty": "0.50000000", "quoteQty": "28.92000000", "time": 1693157657818, "isBuyerMaker": true, "isBestMatch": true}, {"id": 104601276, "price": "57.83000000", "qty": "0.34700000", "quoteQty": "20.06701000", "time": 1693157657831, "isBuyerMaker": true, "isBestMatch": true}, {"id": 104601277, "price": "57.83000000", "qty": "2.10000000", "quoteQty": "121.44300000", "time": 1693157657831, "isBuyerMaker": true, "isBestMatch": true}, {"id": 104601278, "price": "57.83000000", "qty": "0.21500000", "quoteQty": "12.43345000", "time": 1693157657831, "isBuyerMaker": true, "isBestMatch": true}, {"id": 104601279, "price": "57.83000000", "qty": "5.20400000", "quoteQty": "300.94732000", "time": 1693157657831, "isBuyerMaker": true, "isBestMatch": true}, {"id": 104601280, "price": "57.83000000", "qty": "0.55000000", "quoteQty": "31.80650000", "time": 1693157657831, "isBuyerMaker": true, "isBestMatch": true}, {"id": 104601281, "price": "57.83000000", "qty": "0.45000000", "quoteQty": "26.02350000", "time": 1693157657831, "isBuyerMaker": true, "isBestMatch": true}, {"id": 104601282, "price": "57.83000000", "qty": "0.25100000", "quoteQty": "14.51533000", "time": 1693157657849, "isBuyerMaker": false, "isBestMatch": true}, {"id": 104601283, "price": "57.85000000", "qty": "0.60000000", "quoteQty": "34.71000000", "time": 1693157664785, "isBuyerMaker": true, "isBestMatch": true}, {"id": 104601284, "price": "57.85000000", "qty": "0.40000000", "quoteQty": "23.14000000", "time": 1693157664790, "isBuyerMaker": true, "isBestMatch": true}, {"id": 104601285, "price": "57.85000000", "qty": "1.00100000", "quoteQty": "57.90785000", "time": 1693157664791, "isBuyerMaker": true, "isBestMatch": true}, {"id": 104601286, "price": "57.84000000", "qty": "0.40000000", "quoteQty": "23.13600000", "time": 1693157664918, "isBuyerMaker": true, "isBestMatch": true}, {"id": 104601287, "price": "57.85000000", "qty": "1.59600000", "quoteQty": "92.32860000", "time": 1693157665439, "isBuyerMaker": false, "isBestMatch": true}, {"id": 104601288, "price": "57.85000000", "qty": "0.43800000", "quoteQty": "25.33830000", "time": 1693157665439, "isBuyerMaker": false, "isBestMatch": true}, {"id": 104601289, "price": "57.85000000", "qty": "0.43800000", "quoteQty": "25.33830000", "time": 1693157665439, "isBuyerMaker": false, "isBestMatch": true}, {"id": 104601290, "price": "57.85000000", "qty": "0.43800000", "quoteQty": "25.33830000", "time": 1693157665439, "isBuyerMaker": false, "isBestMatch": true}, {"id": 104601291, "price": "57.85000000", "qty": "0.43800000", "quoteQty": "25.33830000", "time": 1693157665439, "isBuyerMaker": false, "isBestMatch": true}, {"id": 104601292, "price": "57.85000000", "qty": "0.43800000", "quoteQty": "25.33830000", "time": 1693157665439, "isBuyerMaker": false, "isBestMatch": true}, {"id": 104601293, "price": "57.85000000", "qty": "0.43800000", "quoteQty": "25.33830000", "time": 1693157665439, "isBuyerMaker": false, "isBestMatch": true}, {"id": 104601294, "price": "57.85000000", "qty": "0.07300000", "quoteQty": "4.22305000", "time": 1693157665439, "isBuyerMaker": false, "isBestMatch": true}, {"id": 104601295, "price": "57.86000000", "qty": "0.17100000", "quoteQty": "9.89406000", "time": 1693157665439, "isBuyerMaker": false, "isBestMatch": true}, {"id": 104601296, "price": "57.86000000", "qty": "0.71700000", "quoteQty": "41.48562000", "time": 1693157665439, "isBuyerMaker": false, "isBestMatch": true}, {"id": 104601297, "price": "57.85000000", "qty": "1.00000000", "quoteQty": "57.85000000", "time": 1693157679165, "isBuyerMaker": false, "isBestMatch": true}, {"id": 104601298, "price": "57.84000000", "qty": "1.60100000", "quoteQty": "92.60184000", "time": 1693157686629, "isBuyerMaker": true, "isBestMatch": true}, {"id": 104601299, "price": "57.84000000", "qty": "0.50500000", "quoteQty": "29.20920000", "time": 1693157686629, "isBuyerMaker": true, "isBestMatch": true}, {"id": 104601300, "price": "57.84000000", "qty": "0.09800000", "quoteQty": "5.66832000", "time": 1693157689980, "isBuyerMaker": true, "isBestMatch": true}, {"id": 104601301, "price": "57.84000000", "qty": "0.00200000", "quoteQty": "0.11568000", "time": 1693157689980, "isBuyerMaker": true, "isBestMatch": true}, {"id": 104601302, "price": "57.84000000", "qty": "0.16900000", "quoteQty": "9.77496000", "time": 1693157692741, "isBuyerMaker": true, "isBestMatch": true}, {"id": 104601303, "price": "57.84000000", "qty": "0.29100000", "quoteQty": "16.83144000", "time": 1693157692741, "isBuyerMaker": true, "isBestMatch": true}, {"id": 104601304, "price": "57.84000000", "qty": "0.44000000", "quoteQty": "25.44960000", "time": 1693157692741, "isBuyerMaker": true, "isBestMatch": true}, {"id": 104601305, "price": "57.84000000", "qty": "0.16300000", "quoteQty": "9.42792000", "time": 1693157694807, "isBuyerMaker": true, "isBestMatch": true}, {"id": 104601306, "price": "57.84000000", "qty": "0.63700000", "quoteQty": "36.84408000", "time": 1693157694807, "isBuyerMaker": true, "isBestMatch": true}, {"id": 104601307, "price": "57.84000000", "qty": "1.36500000", "quoteQty": "78.95160000", "time": 1693157698343, "isBuyerMaker": true, "isBestMatch": true}, {"id": 104601308, "price": "57.84000000", "qty": "0.60300000", "quoteQty": "34.87752000", "time": 1693157698343, "isBuyerMaker": true, "isBestMatch": true}, {"id": 104601309, "price": "57.84000000", "qty": "0.60300000", "quoteQty": "34.87752000", "time": 1693157698343, "isBuyerMaker": true, "isBestMatch": true}, {"id": 104601310, "price": "57.84000000", "qty": "0.60300000", "quoteQty": "34.87752000", "time": 1693157698343, "isBuyerMaker": true, "isBestMatch": true}, {"id": 104601311, "price": "57.84000000", "qty": "0.04100000", "quoteQty": "2.37144000", "time": 1693157698343, "isBuyerMaker": true, "isBestMatch": true}, {"id": 104601312, "price": "57.83000000", "qty": "1.77600000", "quoteQty": "102.70608000", "time": 1693157698343, "isBuyerMaker": true, "isBestMatch": true}, {"id": 104601313, "price": "57.84000000", "qty": "0.15600000", "quoteQty": "9.02304000", "time": 1693157721537, "isBuyerMaker": false, "isBestMatch": true}, {"id": 104601314, "price": "57.84000000", "qty": "10.96300000", "quoteQty": "634.09992000", "time": 1693157756518, "isBuyerMaker": false, "isBestMatch": true}, {"id": 104601315, "price": "57.85000000", "qty": "0.23000000", "quoteQty": "13.30550000", "time": 1693157756524, "isBuyerMaker": false, "isBestMatch": true}, {"id": 104601316, "price": "57.85000000", "qty": "1.72900000", "quoteQty": "100.02265000", "time": 1693157756524, "isBuyerMaker": false, "isBestMatch": true}, {"id": 104601317, "price": "57.86000000", "qty": "1.01000000", "quoteQty": "58.43860000", "time": 1693157756535, "isBuyerMaker": false, "isBestMatch": true}, {"id": 104601318, "price": "57.86000000", "qty": "0.38800000", "quoteQty": "22.44968000", "time": 1693157756535, "isBuyerMaker": false, "isBestMatch": true}, {"id": 104601319, "price": "57.87000000", "qty": "0.27600000", "quoteQty": "15.97212000", "time": 1693157769577, "isBuyerMaker": false, "isBestMatch": true}, {"id": 104601320, "price": "57.88000000", "qty": "1.71900000", "quoteQty": "99.49572000", "time": 1693157787396, "isBuyerMaker": false, "isBestMatch": true}, {"id": 104601321, "price": "57.88000000", "qty": "0.29300000", "quoteQty": "16.95884000", "time": 1693157787396, "isBuyerMaker": false, "isBestMatch": true}, {"id": 104601322, "price": "57.89000000", "qty": "0.73400000", "quoteQty": "42.49126000", "time": 1693157787396, "isBuyerMaker": false, "isBestMatch": true}, {"id": 104601323, "price": "57.89000000", "qty": "0.43000000", "quoteQty": "24.89270000", "time": 1693157787396, "isBuyerMaker": false, "isBestMatch": true}, {"id": 104601324, "price": "57.89000000", "qty": "0.50000000", "quoteQty": "28.94500000", "time": 1693157787396, "isBuyerMaker": false, "isBestMatch": true}, {"id": 104601325, "price": "57.89000000", "qty": "0.20900000", "quoteQty": "12.09901000", "time": 1693157787396, "isBuyerMaker": false, "isBestMatch": true}, {"id": 104601326, "price": "57.89000000", "qty": "0.17900000", "quoteQty": "10.36231000", "time": 1693157787396, "isBuyerMaker": false, "isBestMatch": true}, {"id": 104601327, "price": "57.88000000", "qty": "0.86000000", "quoteQty": "49.77680000", "time": 1693157821763, "isBuyerMaker": false, "isBestMatch": true}, {"id": 104601328, "price": "57.88000000", "qty": "0.73200000", "quoteQty": "42.36816000", "time": 1693157821763, "isBuyerMaker": false, "isBestMatch": true}, {"id": 104601329, "price": "57.90000000", "qty": "0.37100000", "quoteQty": "21.48090000", "time": 1693157858158, "isBuyerMaker": false, "isBestMatch": true}, {"id": 104601330, "price": "57.90000000", "qty": "0.43000000", "quoteQty": "24.89700000", "time": 1693157858158, "isBuyerMaker": false, "isBestMatch": true}, {"id": 104601331, "price": "57.90000000", "qty": "1.62800000", "quoteQty": "94.26120000", "time": 1693157858158, "isBuyerMaker": false, "isBestMatch": true}, {"id": 104601332, "price": "57.90000000", "qty": "0.21700000", "quoteQty": "12.56430000", "time": 1693157884771, "isBuyerMaker": false, "isBestMatch": true}, {"id": 104601333, "price": "57.90000000", "qty": "0.21300000", "quoteQty": "12.33270000", "time": 1693157912728, "isBuyerMaker": false, "isBestMatch": true}, {"id": 104601334, "price": "57.90000000", "qty": "1.85300000", "quoteQty": "107.28870000", "time": 1693157912728, "isBuyerMaker": false, "isBestMatch": true}, {"id": 104601335, "price": "57.91000000", "qty": "2.00000000", "quoteQty": "115.82000000", "time": 1693157912728, "isBuyerMaker": false, "isBestMatch": true}, {"id": 104601336, "price": "57.91000000", "qty": "10.66300000", "quoteQty": "617.49433000", "time": 1693157912728, "isBuyerMaker": false, "isBestMatch": true}, {"id": 104601337, "price": "57.91000000", "qty": "6.16700000", "quoteQty": "357.13097000", "time": 1693157912728, "isBuyerMaker": false, "isBestMatch": true}, {"id": 104601338, "price": "57.90000000", "qty": "0.30000000", "quoteQty": "17.37000000", "time": 1693157951348, "isBuyerMaker": true, "isBestMatch": true}, {"id": 104601339, "price": "57.90000000", "qty": "0.00700000", "quoteQty": "0.40530000", "time": 1693157951349, "isBuyerMaker": true, "isBestMatch": true}, {"id": 104601340, "price": "57.90000000", "qty": "0.29300000", "quoteQty": "16.96470000", "time": 1693157951349, "isBuyerMaker": true, "isBestMatch": true}, {"id": 104601341, "price": "57.90000000", "qty": "0.30000000", "quoteQty": "17.37000000", "time": 1693157951350, "isBuyerMaker": true, "isBestMatch": true}, {"id": 104601342, "price": "57.90000000", "qty": "0.27000000", "quoteQty": "15.63300000", "time": 1693157951350, "isBuyerMaker": true, "isBestMatch": true}, {"id": 104601343, "price": "57.90000000", "qty": "0.03000000", "quoteQty": "1.73700000", "time": 1693157951350, "isBuyerMaker": true, "isBestMatch": true}, {"id": 104601344, "price": "57.90000000", "qty": "2.00000000", "quoteQty": "115.80000000", "time": 1693157961094, "isBuyerMaker": true, "isBestMatch": true}, {"id": 104601345, "price": "57.90000000", "qty": "0.40300000", "quoteQty": "23.33370000", "time": 1693157961094, "isBuyerMaker": true, "isBestMatch": true}, {"id": 104601346, "price": "57.90000000", "qty": "0.40300000", "quoteQty": "23.33370000", "time": 1693157961253, "isBuyerMaker": true, "isBestMatch": true}, {"id": 104601347, "price": "57.90000000", "qty": "0.40300000", "quoteQty": "23.33370000", "time": 1693157961440, "isBuyerMaker": true, "isBestMatch": true}, {"id": 104601348, "price": "57.90000000", "qty": "0.40300000", "quoteQty": "23.33370000", "time": 1693157961590, "isBuyerMaker": true, "isBestMatch": true}, {"id": 104601349, "price": "57.90000000", "qty": "0.40300000", "quoteQty": "23.33370000", "time": 1693157961694, "isBuyerMaker": true, "isBestMatch": true}, {"id": 104601350, "price": "57.90000000", "qty": "0.40300000", "quoteQty": "23.33370000", "time": 1693157961829, "isBuyerMaker": true, "isBestMatch": true}, {"id": 104601351, "price": "57.90000000", "qty": "0.40300000", "quoteQty": "23.33370000", "time": 1693157986864, "isBuyerMaker": true, "isBestMatch": true}, {"id": 104601352, "price": "57.90000000", "qty": "0.10000000", "quoteQty": "5.79000000", "time": 1693157986872, "isBuyerMaker": true, "isBestMatch": true}, {"id": 104601353, "price": "57.90000000", "qty": "0.10000000", "quoteQty": "5.79000000", "time": 1693157986874, "isBuyerMaker": true, "isBestMatch": true}, {"id": 104601354, "price": "57.89000000", "qty": "0.10000000", "quoteQty": "5.78900000", "time": 1693157986879, "isBuyerMaker": true, "isBestMatch": true}, {"id": 104601355, "price": "57.89000000", "qty": "0.10000000", "quoteQty": "5.78900000", "time": 1693157987077, "isBuyerMaker": true, "isBestMatch": true}, {"id": 104601356, "price": "57.89000000", "qty": "0.90000000", "quoteQty": "52.10100000", "time": 1693157987079, "isBuyerMaker": true, "isBestMatch": true}, {"id": 104601357, "price": "57.89000000", "qty": "0.29100000", "quoteQty": "16.84599000", "time": 1693157987131, "isBuyerMaker": true, "isBestMatch": true}, {"id": 104601358, "price": "57.89000000", "qty": "0.29100000", "quoteQty": "16.84599000", "time": 1693157987351, "isBuyerMaker": true, "isBestMatch": true}, {"id": 104601359, "price": "57.89000000", "qty": "0.29100000", "quoteQty": "16.84599000", "time": 1693157987463, "isBuyerMaker": true, "isBestMatch": true}, {"id": 104601360, "price": "57.91000000", "qty": "0.20000000", "quoteQty": "11.58200000", "time": 1693158052619, "isBuyerMaker": false, "isBestMatch": true}, {"id": 104601361, "price": "57.92000000", "qty": "0.13200000", "quoteQty": "7.64544000", "time": 1693158057994, "isBuyerMaker": false, "isBestMatch": true}, {"id": 104601362, "price": "57.92000000", "qty": "0.50000000", "quoteQty": "28.96000000", "time": 1693158069451, "isBuyerMaker": false, "isBestMatch": true}, {"id": 104601363, "price": "57.92000000", "qty": "0.28400000", "quoteQty": "16.44928000", "time": 1693158069451, "isBuyerMaker": false, "isBestMatch": true}, {"id": 104601364, "price": "57.92000000", "qty": "1.26800000", "quoteQty": "73.44256000", "time": 1693158069451, "isBuyerMaker": false, "isBestMatch": true}, {"id": 104601365, "price": "57.91000000", "qty": "2.00000000", "quoteQty": "115.82000000", "time": 1693158079420, "isBuyerMaker": true, "isBestMatch": true}, {"id": 104601366, "price": "57.91000000", "qty": "0.29800000", "quoteQty": "17.25718000", "time": 1693158079420, "isBuyerMaker": true, "isBestMatch": true}, {"id": 104601367, "price": "57.91000000", "qty": "1.72800000", "quoteQty": "100.06848000", "time": 1693158079420, "isBuyerMaker": true, "isBestMatch": true}, {"id": 104601368, "price": "57.91000000", "qty": "0.29800000", "quoteQty": "17.25718000", "time": 1693158079548, "isBuyerMaker": true, "isBestMatch": true}, {"id": 104601369, "price": "57.91000000", "qty": "2.00000000", "quoteQty": "115.82000000", "time": 1693158079548, "isBuyerMaker": true, "isBestMatch": true}, {"id": 104601370, "price": "57.91000000", "qty": "1.72800000", "quoteQty": "100.06848000", "time": 1693158079548, "isBuyerMaker": true, "isBestMatch": true}, {"id": 104601371, "price": "57.90000000", "qty": "1.20000000", "quoteQty": "69.48000000", "time": 1693158080054, "isBuyerMaker": true, "isBestMatch": true}, {"id": 104601372, "price": "57.90000000", "qty": "0.80000000", "quoteQty": "46.32000000", "time": 1693158080058, "isBuyerMaker": true, "isBestMatch": true}, {"id": 104601373, "price": "57.90000000", "qty": "0.92800000", "quoteQty": "53.73120000", "time": 1693158080059, "isBuyerMaker": true, "isBestMatch": true}, {"id": 104601374, "price": "57.89000000", "qty": "0.27200000", "quoteQty": "15.74608000", "time": 1693158080059, "isBuyerMaker": true, "isBestMatch": true}, {"id": 104601375, "price": "57.90000000", "qty": "0.10600000", "quoteQty": "6.13740000", "time": 1693158082382, "isBuyerMaker": false, "isBestMatch": true}, {"id": 104601376, "price": "57.89000000", "qty": "0.51100000", "quoteQty": "29.58179000", "time": 1693158099482, "isBuyerMaker": true, "isBestMatch": true}, {"id": 104601377, "price": "57.89000000", "qty": "0.51100000", "quoteQty": "29.58179000", "time": 1693158099584, "isBuyerMaker": true, "isBestMatch": true}, {"id": 104601378, "price": "57.89000000", "qty": "0.51100000", "quoteQty": "29.58179000", "time": 1693158099726, "isBuyerMaker": true, "isBestMatch": true}, {"id": 104601379, "price": "57.89000000", "qty": "0.51100000", "quoteQty": "29.58179000", "time": 1693158099859, "isBuyerMaker": true, "isBestMatch": true}, {"id": 104601380, "price": "57.89000000", "qty": "0.51100000", "quoteQty": "29.58179000", "time": 1693158099969, "isBuyerMaker": true, "isBestMatch": true}, {"id": 104601381, "price": "57.89000000", "qty": "0.51100000", "quoteQty": "29.58179000", "time": 1693158100498, "isBuyerMaker": true, "isBestMatch": true}, {"id": 104601382, "price": "57.89000000", "qty": "0.02800000", "quoteQty": "1.62092000", "time": 1693158100938, "isBuyerMaker": true, "isBestMatch": true}, {"id": 104601383, "price": "57.87000000", "qty": "0.52000000", "quoteQty": "30.09240000", "time": 1693158100938, "isBuyerMaker": true, "isBestMatch": true}, {"id": 104601384, "price": "57.87000000", "qty": "0.88900000", "quoteQty": "51.44643000", "time": 1693158100938, "isBuyerMaker": true, "isBestMatch": true}, {"id": 104601385, "price": "57.87000000", "qty": "0.86100000", "quoteQty": "49.82607000", "time": 1693158100938, "isBuyerMaker": true, "isBestMatch": true}, {"id": 104601386, "price": "57.87000000", "qty": "0.10000000", "quoteQty": "5.78700000", "time": 1693158100967, "isBuyerMaker": true, "isBestMatch": true}, {"id": 104601387, "price": "57.87000000", "qty": "0.10000000", "quoteQty": "5.78700000", "time": 1693158100967, "isBuyerMaker": true, "isBestMatch": true}, {"id": 104601388, "price": "57.87000000", "qty": "0.10000000", "quoteQty": "5.78700000", "time": 1693158100968, "isBuyerMaker": true, "isBestMatch": true}, {"id": 104601389, "price": "57.87000000", "qty": "0.10000000", "quoteQty": "5.78700000", "time": 1693158100969, "isBuyerMaker": true, "isBestMatch": true}, {"id": 104601390, "price": "57.87000000", "qty": "0.10000000", "quoteQty": "5.78700000", "time": 1693158100970, "isBuyerMaker": true, "isBestMatch": true}, {"id": 104601391, "price": "57.87000000", "qty": "0.10000000", "quoteQty": "5.78700000", "time": 1693158100972, "isBuyerMaker": true, "isBestMatch": true}, {"id": 104601392, "price": "57.88000000", "qty": "0.10700000", "quoteQty": "6.19316000", "time": 1693158104054, "isBuyerMaker": false, "isBestMatch": true}, {"id": 104601393, "price": "57.87000000", "qty": "0.41900000", "quoteQty": "24.24753000", "time": 1693158115964, "isBuyerMaker": true, "isBestMatch": true}, {"id": 104601394, "price": "57.87000000", "qty": "2.91400000", "quoteQty": "168.63318000", "time": 1693158115964, "isBuyerMaker": true, "isBestMatch": true}, {"id": 104601395, "price": "57.88000000", "qty": "0.85900000", "quoteQty": "49.71892000", "time": 1693158121986, "isBuyerMaker": false, "isBestMatch": true}, {"id": 104601396, "price": "57.87000000", "qty": "0.20000000", "quoteQty": "11.57400000", "time": 1693158123700, "isBuyerMaker": true, "isBestMatch": true}, {"id": 104601397, "price": "57.87000000", "qty": "0.10000000", "quoteQty": "5.78700000", "time": 1693158123706, "isBuyerMaker": true, "isBestMatch": true}, {"id": 104601398, "price": "57.87000000", "qty": "0.11900000", "quoteQty": "6.88653000", "time": 1693158124859, "isBuyerMaker": true, "isBestMatch": true}, {"id": 104601399, "price": "57.87000000", "qty": "0.41900000", "quoteQty": "24.24753000", "time": 1693158129287, "isBuyerMaker": true, "isBestMatch": true}, {"id": 104601400, "price": "57.87000000", "qty": "0.41900000", "quoteQty": "24.24753000", "time": 1693158129321, "isBuyerMaker": true, "isBestMatch": true}, {"id": 104601401, "price": "57.87000000", "qty": "0.41900000", "quoteQty": "24.24753000", "time": 1693158129503, "isBuyerMaker": true, "isBestMatch": true}, {"id": 104601402, "price": "57.87000000", "qty": "0.23000000", "quoteQty": "13.31010000", "time": 1693158129506, "isBuyerMaker": true, "isBestMatch": true}, {"id": 104601403, "price": "57.86000000", "qty": "0.10000000", "quoteQty": "5.78600000", "time": 1693158130528, "isBuyerMaker": true, "isBestMatch": true}, {"id": 104601404, "price": "57.86000000", "qty": "0.10000000", "quoteQty": "5.78600000", "time": 1693158130528, "isBuyerMaker": true, "isBestMatch": true}, {"id": 104601405, "price": "57.86000000", "qty": "0.17000000", "quoteQty": "9.83620000", "time": 1693158130530, "isBuyerMaker": true, "isBestMatch": true}, {"id": 104601406, "price": "57.86000000", "qty": "0.31900000", "quoteQty": "18.45734000", "time": 1693158130530, "isBuyerMaker": true, "isBestMatch": true}, {"id": 104601407, "price": "57.86000000", "qty": "0.31900000", "quoteQty": "18.45734000", "time": 1693158130530, "isBuyerMaker": true, "isBestMatch": true}, {"id": 104601408, "price": "57.86000000", "qty": "0.31900000", "quoteQty": "18.45734000", "time": 1693158130530, "isBuyerMaker": true, "isBestMatch": true}, {"id": 104601409, "price": "57.86000000", "qty": "0.00700000", "quoteQty": "0.40502000", "time": 1693158130530, "isBuyerMaker": true, "isBestMatch": true}, {"id": 104601410, "price": "57.86000000", "qty": "0.10000000", "quoteQty": "5.78600000", "time": 1693158130532, "isBuyerMaker": true, "isBestMatch": true}, {"id": 104601411, "price": "57.86000000", "qty": "0.21200000", "quoteQty": "12.26632000", "time": 1693158130533, "isBuyerMaker": true, "isBestMatch": true}, {"id": 104601412, "price": "57.86000000", "qty": "0.31900000", "quoteQty": "18.45734000", "time": 1693158130533, "isBuyerMaker": true, "isBestMatch": true}, {"id": 104601413, "price": "57.86000000", "qty": "0.06900000", "quoteQty": "3.99234000", "time": 1693158130533, "isBuyerMaker": true, "isBestMatch": true}, {"id": 104601414, "price": "57.86000000", "qty": "0.14700000", "quoteQty": "8.50542000", "time": 1693158130536, "isBuyerMaker": true, "isBestMatch": true}, {"id": 104601415, "price": "57.85000000", "qty": "0.05300000", "quoteQty": "3.06605000", "time": 1693158130536, "isBuyerMaker": true, "isBestMatch": true}, {"id": 104601416, "price": "57.85000000", "qty": "0.87500000", "quoteQty": "50.61875000", "time": 1693158150062, "isBuyerMaker": true, "isBestMatch": true}, {"id": 104601417, "price": "57.85000000", "qty": "0.27400000", "quoteQty": "15.85090000", "time": 1693158150062, "isBuyerMaker": true, "isBestMatch": true}, {"id": 104601418, "price": "57.85000000", "qty": "0.30100000", "quoteQty": "17.41285000", "time": 1693158150062, "isBuyerMaker": true, "isBestMatch": true}, {"id": 104601419, "price": "57.85000000", "qty": "0.27400000", "quoteQty": "15.85090000", "time": 1693158150084, "isBuyerMaker": true, "isBestMatch": true}, {"id": 104601420, "price": "57.85000000", "qty": "0.12600000", "quoteQty": "7.28910000", "time": 1693158150084, "isBuyerMaker": true, "isBestMatch": true}, {"id": 104601421, "price": "57.85000000", "qty": "0.14800000", "quoteQty": "8.56180000", "time": 1693158150085, "isBuyerMaker": true, "isBestMatch": true}, {"id": 104601422, "price": "57.85000000", "qty": "0.25200000", "quoteQty": "14.57820000", "time": 1693158150085, "isBuyerMaker": true, "isBestMatch": true}, {"id": 104601423, "price": "57.85000000", "qty": "0.02200000", "quoteQty": "1.27270000", "time": 1693158150087, "isBuyerMaker": true, "isBestMatch": true}, {"id": 104601424, "price": "57.85000000", "qty": "0.27400000", "quoteQty": "15.85090000", "time": 1693158150087, "isBuyerMaker": true, "isBestMatch": true}, {"id": 104601425, "price": "57.85000000", "qty": "0.10400000", "quoteQty": "6.01640000", "time": 1693158150087, "isBuyerMaker": true, "isBestMatch": true}, {"id": 104601426, "price": "57.85000000", "qty": "0.17000000", "quoteQty": "9.83450000", "time": 1693158151089, "isBuyerMaker": true, "isBestMatch": true}, {"id": 104601427, "price": "57.85000000", "qty": "0.27400000", "quoteQty": "15.85090000", "time": 1693158151412, "isBuyerMaker": true, "isBestMatch": true}, {"id": 104601428, "price": "57.85000000", "qty": "0.27400000", "quoteQty": "15.85090000", "time": 1693158151580, "isBuyerMaker": true, "isBestMatch": true}, {"id": 104601429, "price": "57.86000000", "qty": "0.08600000", "quoteQty": "4.97596000", "time": 1693158160628, "isBuyerMaker": false, "isBestMatch": true}, {"id": 104601430, "price": "57.85000000", "qty": "0.01100000", "quoteQty": "0.63635000", "time": 1693158162524, "isBuyerMaker": true, "isBestMatch": true}, {"id": 104601431, "price": "57.85000000", "qty": "0.70000000", "quoteQty": "40.49500000", "time": 1693158162524, "isBuyerMaker": true, "isBestMatch": true}, {"id": 104601432, "price": "57.85000000", "qty": "0.43800000", "quoteQty": "25.33830000", "time": 1693158162524, "isBuyerMaker": true, "isBestMatch": true}, {"id": 104601433, "price": "57.85000000", "qty": "8.85100000", "quoteQty": "512.03035000", "time": 1693158162524, "isBuyerMaker": true, "isBestMatch": true}, {"id": 104601434, "price": "57.86000000", "qty": "0.26200000", "quoteQty": "15.15932000", "time": 1693158164849, "isBuyerMaker": true, "isBestMatch": true}, {"id": 104601435, "price": "57.86000000", "qty": "0.23200000", "quoteQty": "13.42352000", "time": 1693158164849, "isBuyerMaker": true, "isBestMatch": true}, {"id": 104601436, "price": "57.86000000", "qty": "0.02100000", "quoteQty": "1.21506000", "time": 1693158164849, "isBuyerMaker": true, "isBestMatch": true}, {"id": 104601437, "price": "57.86000000", "qty": "0.10000000", "quoteQty": "5.78600000", "time": 1693158179779, "isBuyerMaker": true, "isBestMatch": true}, {"id": 104601438, "price": "57.86000000", "qty": "0.10000000", "quoteQty": "5.78600000", "time": 1693158179780, "isBuyerMaker": true, "isBestMatch": true}, {"id": 104601439, "price": "57.86000000", "qty": "0.01100000", "quoteQty": "0.63646000", "time": 1693158179780, "isBuyerMaker": true, "isBestMatch": true}, {"id": 104601440, "price": "57.86000000", "qty": "0.20000000", "quoteQty": "11.57200000", "time": 1693158179780, "isBuyerMaker": true, "isBestMatch": true}, {"id": 104601441, "price": "57.86000000", "qty": "0.03200000", "quoteQty": "1.85152000", "time": 1693158179782, "isBuyerMaker": true, "isBestMatch": true}, {"id": 104601442, "price": "57.86000000", "qty": "0.06800000", "quoteQty": "3.93448000", "time": 1693158179782, "isBuyerMaker": true, "isBestMatch": true}, {"id": 104601443, "price": "57.86000000", "qty": "0.11100000", "quoteQty": "6.42246000", "time": 1693158179783, "isBuyerMaker": true, "isBestMatch": true}, {"id": 104601444, "price": "57.86000000", "qty": "0.05300000", "quoteQty": "3.06658000", "time": 1693158179784, "isBuyerMaker": true, "isBestMatch": true}, {"id": 104601445, "price": "57.86000000", "qty": "0.04700000", "quoteQty": "2.71942000", "time": 1693158179784, "isBuyerMaker": true, "isBestMatch": true}, {"id": 104601446, "price": "57.86000000", "qty": "0.18500000", "quoteQty": "10.70410000", "time": 1693158179911, "isBuyerMaker": true, "isBestMatch": true}, {"id": 104601447, "price": "57.86000000", "qty": "0.23200000", "quoteQty": "13.42352000", "time": 1693158179930, "isBuyerMaker": true, "isBestMatch": true}, {"id": 104601448, "price": "57.85000000", "qty": "2.00000000", "quoteQty": "115.70000000", "time": 1693158203286, "isBuyerMaker": false, "isBestMatch": true}, {"id": 104601449, "price": "57.88000000", "qty": "0.39900000", "quoteQty": "23.09412000", "time": 1693158213271, "isBuyerMaker": true, "isBestMatch": true}, {"id": 104601450, "price": "57.86000000", "qty": "0.10000000", "quoteQty": "5.78600000", "time": 1693158234597, "isBuyerMaker": true, "isBestMatch": true}, {"id": 104601451, "price": "57.86000000", "qty": "0.10000000", "quoteQty": "5.78600000", "time": 1693158234599, "isBuyerMaker": true, "isBestMatch": true}, {"id": 104601452, "price": "57.86000000", "qty": "0.10000000", "quoteQty": "5.78600000", "time": 1693158234599, "isBuyerMaker": true, "isBestMatch": true}, {"id": 104601453, "price": "57.85000000", "qty": "11.96200000", "quoteQty": "692.00170000", "time": 1693158256154, "isBuyerMaker": false, "isBestMatch": true}, {"id": 104601454, "price": "57.85000000", "qty": "4.15000000", "quoteQty": "240.07750000", "time": 1693158256162, "isBuyerMaker": false, "isBestMatch": true}, {"id": 104601455, "price": "57.87000000", "qty": "0.16900000", "quoteQty": "9.78003000", "time": 1693158262942, "isBuyerMaker": false, "isBestMatch": true}, {"id": 104601456, "price": "57.87000000", "qty": "0.09100000", "quoteQty": "5.26617000", "time": 1693158280012, "isBuyerMaker": false, "isBestMatch": true}, {"id": 104601457, "price": "57.87000000", "qty": "0.13200000", "quoteQty": "7.63884000", "time": 1693158282944, "isBuyerMaker": false, "isBestMatch": true}, {"id": 104601458, "price": "57.87000000", "qty": "0.09600000", "quoteQty": "5.55552000", "time": 1693158288657, "isBuyerMaker": false, "isBestMatch": true}, {"id": 104601459, "price": "57.87000000", "qty": "0.09500000", "quoteQty": "5.49765000", "time": 1693158293345, "isBuyerMaker": false, "isBestMatch": true}, {"id": 104601460, "price": "57.87000000", "qty": "0.11200000", "quoteQty": "6.48144000", "time": 1693158297351, "isBuyerMaker": false, "isBestMatch": true}, {"id": 104601461, "price": "57.87000000", "qty": "0.20000000", "quoteQty": "11.57400000", "time": 1693158311974, "isBuyerMaker": true, "isBestMatch": true}, {"id": 104601462, "price": "57.87000000", "qty": "0.16200000", "quoteQty": "9.37494000", "time": 1693158311976, "isBuyerMaker": true, "isBestMatch": true}, {"id": 104601463, "price": "57.87000000", "qty": "0.03800000", "quoteQty": "2.19906000", "time": 1693158311976, "isBuyerMaker": true, "isBestMatch": true}, {"id": 104601464, "price": "57.87000000", "qty": "0.20000000", "quoteQty": "11.57400000", "time": 1693158311976, "isBuyerMaker": true, "isBestMatch": true}, {"id": 104601465, "price": "57.87000000", "qty": "0.12400000", "quoteQty": "7.17588000", "time": 1693158311978, "isBuyerMaker": true, "isBestMatch": true}, {"id": 104601466, "price": "57.87000000", "qty": "0.03800000", "quoteQty": "2.19906000", "time": 1693158311978, "isBuyerMaker": true, "isBestMatch": true}, {"id": 104601467, "price": "57.87000000", "qty": "0.32400000", "quoteQty": "18.74988000", "time": 1693158312080, "isBuyerMaker": true, "isBestMatch": true}, {"id": 104601468, "price": "57.87000000", "qty": "0.36200000", "quoteQty": "20.94894000", "time": 1693158312183, "isBuyerMaker": true, "isBestMatch": true}, {"id": 104601469, "price": "57.87000000", "qty": "0.36200000", "quoteQty": "20.94894000", "time": 1693158312196, "isBuyerMaker": true, "isBestMatch": true}, {"id": 104601470, "price": "57.86000000", "qty": "0.10000000", "quoteQty": "5.78600000", "time": 1693158312691, "isBuyerMaker": true, "isBestMatch": true}, {"id": 104601471, "price": "57.86000000", "qty": "0.20000000", "quoteQty": "11.57200000", "time": 1693158312692, "isBuyerMaker": true, "isBestMatch": true}, {"id": 104601472, "price": "57.86000000", "qty": "0.20000000", "quoteQty": "11.57200000", "time": 1693158312702, "isBuyerMaker": true, "isBestMatch": true}, {"id": 104601473, "price": "57.86000000", "qty": "0.09200000", "quoteQty": "5.32312000", "time": 1693158343433, "isBuyerMaker": false, "isBestMatch": true}, {"id": 104601474, "price": "57.86000000", "qty": "0.17900000", "quoteQty": "10.35694000", "time": 1693158343615, "isBuyerMaker": false, "isBestMatch": true}, {"id": 104601475, "price": "57.85000000", "qty": "0.10000000", "quoteQty": "5.78500000", "time": 1693158348847, "isBuyerMaker": true, "isBestMatch": true}, {"id": 104601476, "price": "57.85000000", "qty": "0.20000000", "quoteQty": "11.57000000", "time": 1693158348847, "isBuyerMaker": true, "isBestMatch": true}, {"id": 104601477, "price": "57.85000000", "qty": "0.04200000", "quoteQty": "2.42970000", "time": 1693158375548, "isBuyerMaker": true, "isBestMatch": true}, {"id": 104601478, "price": "57.85000000", "qty": "0.28100000", "quoteQty": "16.25585000", "time": 1693158375548, "isBuyerMaker": true, "isBestMatch": true}, {"id": 104601479, "price": "57.85000000", "qty": "0.20000000", "quoteQty": "11.57000000", "time": 1693158376258, "isBuyerMaker": false, "isBestMatch": true}, {"id": 104601480, "price": "57.84000000", "qty": "0.32800000", "quoteQty": "18.97152000", "time": 1693158378365, "isBuyerMaker": true, "isBestMatch": true}, {"id": 104601481, "price": "57.84000000", "qty": "0.04100000", "quoteQty": "2.37144000", "time": 1693158378365, "isBuyerMaker": true, "isBestMatch": true}, {"id": 104601482, "price": "57.84000000", "qty": "0.20000000", "quoteQty": "11.56800000", "time": 1693158392243, "isBuyerMaker": true, "isBestMatch": true}, {"id": 104601483, "price": "57.84000000", "qty": "0.02100000", "quoteQty": "1.21464000", "time": 1693158392244, "isBuyerMaker": true, "isBestMatch": true}, {"id": 104601484, "price": "57.84000000", "qty": "0.17900000", "quoteQty": "10.35336000", "time": 1693158392244, "isBuyerMaker": true, "isBestMatch": true}, {"id": 104601485, "price": "57.84000000", "qty": "0.10500000", "quoteQty": "6.07320000", "time": 1693158392244, "isBuyerMaker": true, "isBestMatch": true}, {"id": 104601486, "price": "57.84000000", "qty": "0.09500000", "quoteQty": "5.49480000", "time": 1693158392244, "isBuyerMaker": true, "isBestMatch": true}, {"id": 104601487, "price": "57.84000000", "qty": "0.16700000", "quoteQty": "9.65928000", "time": 1693158395888, "isBuyerMaker": true, "isBestMatch": true}, {"id": 104601488, "price": "57.84000000", "qty": "0.26200000", "quoteQty": "15.15408000", "time": 1693158395934, "isBuyerMaker": true, "isBestMatch": true}, {"id": 104601489, "price": "57.84000000", "qty": "0.26200000", "quoteQty": "15.15408000", "time": 1693158395934, "isBuyerMaker": true, "isBestMatch": true}, {"id": 104601490, "price": "57.84000000", "qty": "0.26200000", "quoteQty": "15.15408000", "time": 1693158395934, "isBuyerMaker": true, "isBestMatch": true}, {"id": 104601491, "price": "57.84000000", "qty": "0.26200000", "quoteQty": "15.15408000", "time": 1693158395934, "isBuyerMaker": true, "isBestMatch": true}, {"id": 104601492, "price": "57.84000000", "qty": "0.26200000", "quoteQty": "15.15408000", "time": 1693158395934, "isBuyerMaker": true, "isBestMatch": true}, {"id": 104601493, "price": "57.84000000", "qty": "0.26200000", "quoteQty": "15.15408000", "time": 1693158395934, "isBuyerMaker": true, "isBestMatch": true}, {"id": 104601494, "price": "57.84000000", "qty": "0.04900000", "quoteQty": "2.83416000", "time": 1693158395934, "isBuyerMaker": true, "isBestMatch": true}, {"id": 104601495, "price": "57.83000000", "qty": "0.10800000", "quoteQty": "6.24564000", "time": 1693158395934, "isBuyerMaker": true, "isBestMatch": true}, {"id": 104601496, "price": "57.83000000", "qty": "0.30000000", "quoteQty": "17.34900000", "time": 1693158398945, "isBuyerMaker": true, "isBestMatch": true}, {"id": 104601497, "price": "57.83000000", "qty": "0.02900000", "quoteQty": "1.67707000", "time": 1693158398946, "isBuyerMaker": true, "isBestMatch": true}, {"id": 104601498, "price": "57.83000000", "qty": "0.27100000", "quoteQty": "15.67193000", "time": 1693158398946, "isBuyerMaker": true, "isBestMatch": true}, {"id": 104601499, "price": "57.83000000", "qty": "0.01300000", "quoteQty": "0.75179000", "time": 1693158398946, "isBuyerMaker": true, "isBestMatch": true}, {"id": 104601500, "price": "57.83000000", "qty": "0.28700000", "quoteQty": "16.59721000", "time": 1693158398946, "isBuyerMaker": true, "isBestMatch": true}, {"id": 104601501, "price": "57.83000000", "qty": "0.20400000", "quoteQty": "11.79732000", "time": 1693158398947, "isBuyerMaker": true, "isBestMatch": true}, {"id": 104601502, "price": "57.83000000", "qty": "0.09600000", "quoteQty": "5.55168000", "time": 1693158398947, "isBuyerMaker": true, "isBestMatch": true}, {"id": 104601503, "price": "57.83000000", "qty": "0.10000000", "quoteQty": "5.78300000", "time": 1693158407402, "isBuyerMaker": true, "isBestMatch": true}, {"id": 104601504, "price": "57.84000000", "qty": "0.26100000", "quoteQty": "15.09624000", "time": 1693158408094, "isBuyerMaker": false, "isBestMatch": true}, {"id": 104601505, "price": "57.83000000", "qty": "0.29500000", "quoteQty": "17.05985000", "time": 1693158415137, "isBuyerMaker": true, "isBestMatch": true}, {"id": 104601506, "price": "57.83000000", "qty": "0.49100000", "quoteQty": "28.39453000", "time": 1693158415141, "isBuyerMaker": true, "isBestMatch": true}, {"id": 104601507, "price": "57.83000000", "qty": "0.49100000", "quoteQty": "28.39453000", "time": 1693158415253, "isBuyerMaker": true, "isBestMatch": true}, {"id": 104601508, "price": "57.83000000", "qty": "0.49100000", "quoteQty": "28.39453000", "time": 1693158415356, "isBuyerMaker": true, "isBestMatch": true}, {"id": 104601509, "price": "57.83000000", "qty": "0.34900000", "quoteQty": "20.18267000", "time": 1693158415360, "isBuyerMaker": true, "isBestMatch": true}, {"id": 104601510, "price": "57.82000000", "qty": "0.10000000", "quoteQty": "5.78200000", "time": 1693158415443, "isBuyerMaker": true, "isBestMatch": true}, {"id": 104601511, "price": "57.82000000", "qty": "0.10000000", "quoteQty": "5.78200000", "time": 1693158415444, "isBuyerMaker": true, "isBestMatch": true}, {"id": 104601512, "price": "57.82000000", "qty": "0.08400000", "quoteQty": "4.85688000", "time": 1693158415444, "isBuyerMaker": true, "isBestMatch": true}, {"id": 104601513, "price": "57.82000000", "qty": "0.01600000", "quoteQty": "0.92512000", "time": 1693158415444, "isBuyerMaker": true, "isBestMatch": true}, {"id": 104601514, "price": "57.82000000", "qty": "0.10000000", "quoteQty": "5.78200000", "time": 1693158415444, "isBuyerMaker": true, "isBestMatch": true}, {"id": 104601515, "price": "57.82000000", "qty": "0.10000000", "quoteQty": "5.78200000", "time": 1693158415445, "isBuyerMaker": true, "isBestMatch": true}, {"id": 104601516, "price": "57.82000000", "qty": "0.04000000", "quoteQty": "2.31280000", "time": 1693158428210, "isBuyerMaker": true, "isBestMatch": true}, {"id": 104601517, "price": "57.82000000", "qty": "0.35300000", "quoteQty": "20.41046000", "time": 1693158428210, "isBuyerMaker": true, "isBestMatch": true}, {"id": 104601518, "price": "57.82000000", "qty": "0.25600000", "quoteQty": "14.80192000", "time": 1693158429064, "isBuyerMaker": true, "isBestMatch": true}, {"id": 104601519, "price": "57.82000000", "qty": "0.25600000", "quoteQty": "14.80192000", "time": 1693158429162, "isBuyerMaker": true, "isBestMatch": true}, {"id": 104601520, "price": "57.82000000", "qty": "0.25600000", "quoteQty": "14.80192000", "time": 1693158429170, "isBuyerMaker": true, "isBestMatch": true}, {"id": 104601521, "price": "57.82000000", "qty": "0.25600000", "quoteQty": "14.80192000", "time": 1693158429170, "isBuyerMaker": true, "isBestMatch": true}, {"id": 104601522, "price": "57.82000000", "qty": "0.25600000", "quoteQty": "14.80192000", "time": 1693158429170, "isBuyerMaker": true, "isBestMatch": true}, {"id": 104601523, "price": "57.82000000", "qty": "0.25600000", "quoteQty": "14.80192000", "time": 1693158429170, "isBuyerMaker": true, "isBestMatch": true}, {"id": 104601524, "price": "57.82000000", "qty": "0.25600000", "quoteQty": "14.80192000", "time": 1693158429170, "isBuyerMaker": true, "isBestMatch": true}, {"id": 104601525, "price": "57.82000000", "qty": "0.18900000", "quoteQty": "10.92798000", "time": 1693158429170, "isBuyerMaker": true, "isBestMatch": true}, {"id": 104601526, "price": "57.81000000", "qty": "0.09200000", "quoteQty": "5.31852000", "time": 1693158429170, "isBuyerMaker": true, "isBestMatch": true}, {"id": 104601527, "price": "57.81000000", "qty": "0.28400000", "quoteQty": "16.41804000", "time": 1693158429170, "isBuyerMaker": true, "isBestMatch": true}, {"id": 104601528, "price": "57.81000000", "qty": "0.35300000", "quoteQty": "20.40693000", "time": 1693158429170, "isBuyerMaker": true, "isBestMatch": true}, {"id": 104601529, "price": "57.81000000", "qty": "0.43600000", "quoteQty": "25.20516000", "time": 1693158429170, "isBuyerMaker": true, "isBestMatch": true}, {"id": 104601530, "price": "57.81000000", "qty": "0.47500000", "quoteQty": "27.45975000", "time": 1693158430069, "isBuyerMaker": true, "isBestMatch": true}, {"id": 104601531, "price": "57.81000000", "qty": "0.47500000", "quoteQty": "27.45975000", "time": 1693158430104, "isBuyerMaker": true, "isBestMatch": true}, {"id": 104601532, "price": "57.81000000", "qty": "0.47500000", "quoteQty": "27.45975000", "time": 1693158430170, "isBuyerMaker": true, "isBestMatch": true}, {"id": 104601533, "price": "57.81000000", "qty": "0.10000000", "quoteQty": "5.78100000", "time": 1693158430229, "isBuyerMaker": true, "isBestMatch": true}, {"id": 104601534, "price": "57.81000000", "qty": "0.10000000", "quoteQty": "5.78100000", "time": 1693158430229, "isBuyerMaker": true, "isBestMatch": true}, {"id": 104601535, "price": "57.81000000", "qty": "0.10000000", "quoteQty": "5.78100000", "time": 1693158430232, "isBuyerMaker": true, "isBestMatch": true}, {"id": 104601536, "price": "57.81000000", "qty": "0.17500000", "quoteQty": "10.11675000", "time": 1693158430233, "isBuyerMaker": true, "isBestMatch": true}, {"id": 104601537, "price": "57.81000000", "qty": "0.10000000", "quoteQty": "5.78100000", "time": 1693158430233, "isBuyerMaker": true, "isBestMatch": true}, {"id": 104601538, "price": "57.81000000", "qty": "0.10000000", "quoteQty": "5.78100000", "time": 1693158430234, "isBuyerMaker": true, "isBestMatch": true}, {"id": 104601539, "price": "57.81000000", "qty": "0.27500000", "quoteQty": "15.89775000", "time": 1693158430436, "isBuyerMaker": true, "isBestMatch": true}, {"id": 104601540, "price": "57.81000000", "qty": "0.47500000", "quoteQty": "27.45975000", "time": 1693158431053, "isBuyerMaker": true, "isBestMatch": true}, {"id": 104601541, "price": "57.81000000", "qty": "0.23100000", "quoteQty": "13.35411000", "time": 1693158431156, "isBuyerMaker": true, "isBestMatch": true}, {"id": 104601542, "price": "57.80000000", "qty": "0.13000000", "quoteQty": "7.51400000", "time": 1693158436369, "isBuyerMaker": true, "isBestMatch": true}, {"id": 104601543, "price": "57.80000000", "qty": "0.07000000", "quoteQty": "4.04600000", "time": 1693158436369, "isBuyerMaker": true, "isBestMatch": true}, {"id": 104601544, "price": "57.80000000", "qty": "0.10000000", "quoteQty": "5.78000000", "time": 1693158437043, "isBuyerMaker": true, "isBestMatch": true}, {"id": 104601545, "price": "57.80000000", "qty": "0.20000000", "quoteQty": "11.56000000", "time": 1693158437045, "isBuyerMaker": true, "isBestMatch": true}, {"id": 104601546, "price": "57.80000000", "qty": "0.12600000", "quoteQty": "7.28280000", "time": 1693158437074, "isBuyerMaker": true, "isBestMatch": true}, {"id": 104601547, "price": "57.80000000", "qty": "0.42600000", "quoteQty": "24.62280000", "time": 1693158437074, "isBuyerMaker": true, "isBestMatch": true}, {"id": 104601548, "price": "57.80000000", "qty": "0.42600000", "quoteQty": "24.62280000", "time": 1693158437074, "isBuyerMaker": true, "isBestMatch": true}, {"id": 104601549, "price": "57.80000000", "qty": "0.42600000", "quoteQty": "24.62280000", "time": 1693158437074, "isBuyerMaker": true, "isBestMatch": true}, {"id": 104601550, "price": "57.80000000", "qty": "0.32600000", "quoteQty": "18.84280000", "time": 1693158437074, "isBuyerMaker": true, "isBestMatch": true}, {"id": 104601551, "price": "57.80000000", "qty": "0.10000000", "quoteQty": "5.78000000", "time": 1693158437086, "isBuyerMaker": true, "isBestMatch": true}, {"id": 104601552, "price": "57.80000000", "qty": "0.06100000", "quoteQty": "3.52580000", "time": 1693158442136, "isBuyerMaker": true, "isBestMatch": true}, {"id": 104601553, "price": "57.80000000", "qty": "0.25900000", "quoteQty": "14.97020000", "time": 1693158442136, "isBuyerMaker": true, "isBestMatch": true}, {"id": 104601554, "price": "57.80000000", "qty": "1.21500000", "quoteQty": "70.22700000", "time": 1693158442136, "isBuyerMaker": true, "isBestMatch": true}, {"id": 104601555, "price": "57.80000000", "qty": "0.06500000", "quoteQty": "3.75700000", "time": 1693158442136, "isBuyerMaker": true, "isBestMatch": true}, {"id": 104601556, "price": "57.81000000", "qty": "0.27000000", "quoteQty": "15.60870000", "time": 1693158482444, "isBuyerMaker": true, "isBestMatch": true}, {"id": 104601557, "price": "57.81000000", "qty": "0.27000000", "quoteQty": "15.60870000", "time": 1693158482912, "isBuyerMaker": true, "isBestMatch": true}, {"id": 104601558, "price": "57.81000000", "qty": "0.27000000", "quoteQty": "15.60870000", "time": 1693158482925, "isBuyerMaker": true, "isBestMatch": true}, {"id": 104601559, "price": "57.81000000", "qty": "0.27000000", "quoteQty": "15.60870000", "time": 1693158482952, "isBuyerMaker": true, "isBestMatch": true}, {"id": 104601560, "price": "57.81000000", "qty": "0.27000000", "quoteQty": "15.60870000", "time": 1693158484060, "isBuyerMaker": true, "isBestMatch": true}, {"id": 104601561, "price": "57.81000000", "qty": "0.27000000", "quoteQty": "15.60870000", "time": 1693158484277, "isBuyerMaker": true, "isBestMatch": true}, {"id": 104601562, "price": "57.82000000", "qty": "3.47900000", "quoteQty": "201.15578000", "time": 1693158485775, "isBuyerMaker": false, "isBestMatch": true}, {"id": 104601563, "price": "57.84000000", "qty": "0.28600000", "quoteQty": "16.54224000", "time": 1693158498238, "isBuyerMaker": true, "isBestMatch": true}, {"id": 104601564, "price": "57.80000000", "qty": "1.53600000", "quoteQty": "88.78080000", "time": 1693158498288, "isBuyerMaker": false, "isBestMatch": true}, {"id": 104601565, "price": "57.80000000", "qty": "0.46700000", "quoteQty": "26.99260000", "time": 1693158498294, "isBuyerMaker": false, "isBestMatch": true}, {"id": 104601566, "price": "57.80000000", "qty": "1.42800000", "quoteQty": "82.53840000", "time": 1693158498294, "isBuyerMaker": false, "isBestMatch": true}, {"id": 104601567, "price": "57.81000000", "qty": "2.00300000", "quoteQty": "115.79343000", "time": 1693158498298, "isBuyerMaker": false, "isBestMatch": true}, {"id": 104601568, "price": "57.81000000", "qty": "0.57600000", "quoteQty": "33.29856000", "time": 1693158498308, "isBuyerMaker": false, "isBestMatch": true}, {"id": 104601569, "price": "57.81000000", "qty": "1.42800000", "quoteQty": "82.55268000", "time": 1693158498308, "isBuyerMaker": false, "isBestMatch": true}, {"id": 104601570, "price": "57.82000000", "qty": "0.43500000", "quoteQty": "25.15170000", "time": 1693158511545, "isBuyerMaker": true, "isBestMatch": true}, {"id": 104601571, "price": "57.82000000", "qty": "0.43500000", "quoteQty": "25.15170000", "time": 1693158511688, "isBuyerMaker": true, "isBestMatch": true}, {"id": 104601572, "price": "57.82000000", "qty": "0.43500000", "quoteQty": "25.15170000", "time": 1693158511867, "isBuyerMaker": true, "isBestMatch": true}, {"id": 104601573, "price": "57.83000000", "qty": "0.12500000", "quoteQty": "7.22875000", "time": 1693158511922, "isBuyerMaker": false, "isBestMatch": true}, {"id": 104601574, "price": "57.82000000", "qty": "0.43500000", "quoteQty": "25.15170000", "time": 1693158511986, "isBuyerMaker": true, "isBestMatch": true}, {"id": 104601575, "price": "57.83000000", "qty": "0.33800000", "quoteQty": "19.54654000", "time": 1693158514177, "isBuyerMaker": false, "isBestMatch": true}, {"id": 104601576, "price": "57.82000000", "qty": "0.43500000", "quoteQty": "25.15170000", "time": 1693158514181, "isBuyerMaker": true, "isBestMatch": true}, {"id": 104601577, "price": "57.82000000", "qty": "0.43500000", "quoteQty": "25.15170000", "time": 1693158514287, "isBuyerMaker": true, "isBestMatch": true}, {"id": 104601578, "price": "57.82000000", "qty": "0.34700000", "quoteQty": "20.06354000", "time": 1693158514419, "isBuyerMaker": true, "isBestMatch": true}, {"id": 104601579, "price": "57.81000000", "qty": "0.12500000", "quoteQty": "7.22625000", "time": 1693158515385, "isBuyerMaker": true, "isBestMatch": true}, {"id": 104601580, "price": "57.81000000", "qty": "0.51400000", "quoteQty": "29.71434000", "time": 1693158515385, "isBuyerMaker": true, "isBestMatch": true}, {"id": 104601581, "price": "57.81000000", "qty": "0.06100000", "quoteQty": "3.52641000", "time": 1693158515385, "isBuyerMaker": true, "isBestMatch": true}, {"id": 104601582, "price": "57.81000000", "qty": "0.45300000", "quoteQty": "26.18793000", "time": 1693158515387, "isBuyerMaker": true, "isBestMatch": true}, {"id": 104601583, "price": "57.81000000", "qty": "0.24700000", "quoteQty": "14.27907000", "time": 1693158515387, "isBuyerMaker": true, "isBestMatch": true}, {"id": 104601584, "price": "57.81000000", "qty": "0.26700000", "quoteQty": "15.43527000", "time": 1693158515387, "isBuyerMaker": true, "isBestMatch": true}, {"id": 104601585, "price": "57.81000000", "qty": "0.43300000", "quoteQty": "25.03173000", "time": 1693158515387, "isBuyerMaker": true, "isBestMatch": true}, {"id": 104601586, "price": "57.81000000", "qty": "0.08100000", "quoteQty": "4.68261000", "time": 1693158517181, "isBuyerMaker": true, "isBestMatch": true}, {"id": 104601587, "price": "57.81000000", "qty": "0.33800000", "quoteQty": "19.53978000", "time": 1693158517181, "isBuyerMaker": true, "isBestMatch": true}, {"id": 104601588, "price": "57.81000000", "qty": "0.51400000", "quoteQty": "29.71434000", "time": 1693158517181, "isBuyerMaker": true, "isBestMatch": true}, {"id": 104601589, "price": "57.81000000", "qty": "0.09300000", "quoteQty": "5.37633000", "time": 1693158517181, "isBuyerMaker": true, "isBestMatch": true}, {"id": 104601590, "price": "57.82000000", "qty": "1.73100000", "quoteQty": "100.08642000", "time": 1693158517797, "isBuyerMaker": false, "isBestMatch": true}, {"id": 104601591, "price": "57.82000000", "qty": "0.32500000", "quoteQty": "18.79150000", "time": 1693158517797, "isBuyerMaker": false, "isBestMatch": true}, {"id": 104601592, "price": "57.82000000", "qty": "3.50000000", "quoteQty": "202.37000000", "time": 1693158517797, "isBuyerMaker": false, "isBestMatch": true}, {"id": 104601593, "price": "57.82000000", "qty": "3.50000000", "quoteQty": "202.37000000", "time": 1693158517797, "isBuyerMaker": false, "isBestMatch": true}, {"id": 104601594, "price": "57.82000000", "qty": "0.94400000", "quoteQty": "54.58208000", "time": 1693158517797, "isBuyerMaker": false, "isBestMatch": true}, {"id": 104601595, "price": "57.82000000", "qty": "2.95600000", "quoteQty": "170.91592000", "time": 1693158517801, "isBuyerMaker": false, "isBestMatch": true}, {"id": 104601596, "price": "57.82000000", "qty": "6.19100000", "quoteQty": "357.96362000", "time": 1693158517801, "isBuyerMaker": false, "isBestMatch": true}, {"id": 104601597, "price": "57.82000000", "qty": "0.72600000", "quoteQty": "41.97732000", "time": 1693158518596, "isBuyerMaker": true, "isBestMatch": true}, {"id": 104601598, "price": "57.81000000", "qty": "0.80000000", "quoteQty": "46.24800000", "time": 1693158519085, "isBuyerMaker": true, "isBestMatch": true}, {"id": 104601599, "price": "57.81000000", "qty": "0.06600000", "quoteQty": "3.81546000", "time": 1693158519087, "isBuyerMaker": true, "isBestMatch": true}, {"id": 104601600, "price": "57.81000000", "qty": "0.73400000", "quoteQty": "42.43254000", "time": 1693158519087, "isBuyerMaker": true, "isBestMatch": true}, {"id": 104601601, "price": "57.80000000", "qty": "0.10000000", "quoteQty": "5.78000000", "time": 1693158519322, "isBuyerMaker": true, "isBestMatch": true}, {"id": 104601602, "price": "57.79000000", "qty": "0.10000000", "quoteQty": "5.77900000", "time": 1693158519371, "isBuyerMaker": true, "isBestMatch": true}, {"id": 104601603, "price": "57.80000000", "qty": "0.30000000", "quoteQty": "17.34000000", "time": 1693158529602, "isBuyerMaker": true, "isBestMatch": true}, {"id": 104601604, "price": "57.80000000", "qty": "0.15000000", "quoteQty": "8.67000000", "time": 1693158529602, "isBuyerMaker": true, "isBestMatch": true}, {"id": 104601605, "price": "57.80000000", "qty": "0.15000000", "quoteQty": "8.67000000", "time": 1693158535828, "isBuyerMaker": true, "isBestMatch": true}, {"id": 104601606, "price": "57.80000000", "qty": "0.30000000", "quoteQty": "17.34000000", "time": 1693158536820, "isBuyerMaker": true, "isBestMatch": true}, {"id": 104601607, "price": "57.80000000", "qty": "0.30000000", "quoteQty": "17.34000000", "time": 1693158536820, "isBuyerMaker": true, "isBestMatch": true}, {"id": 104601608, "price": "57.80000000", "qty": "0.30000000", "quoteQty": "17.34000000", "time": 1693158536820, "isBuyerMaker": true, "isBestMatch": true}, {"id": 104601609, "price": "57.80000000", "qty": "0.30000000", "quoteQty": "17.34000000", "time": 1693158536820, "isBuyerMaker": true, "isBestMatch": true}, {"id": 104601610, "price": "57.80000000", "qty": "0.30000000", "quoteQty": "17.34000000", "time": 1693158536820, "isBuyerMaker": true, "isBestMatch": true}, {"id": 104601611, "price": "57.80000000", "qty": "0.20200000", "quoteQty": "11.67560000", "time": 1693158536820, "isBuyerMaker": true, "isBestMatch": true}, {"id": 104601612, "price": "57.79000000", "qty": "0.40100000", "quoteQty": "23.17379000", "time": 1693158536820, "isBuyerMaker": true, "isBestMatch": true}, {"id": 104601613, "price": "57.79000000", "qty": "0.28400000", "quoteQty": "16.41236000", "time": 1693158536820, "isBuyerMaker": true, "isBestMatch": true}