[{"id": 104517820, "price": "58.04000000", "qty": "16.00000000", "quoteQty": "928.64000000", "time": 1692849269322, "isBuyerMaker": false, "isBestMatch": true}, {"id": 104517821, "price": "58.04000000", "qty": "16.00000000", "quoteQty": "928.64000000", "time": 1692849269322, "isBuyerMaker": false, "isBestMatch": true}, {"id": 104517822, "price": "58.05000000", "qty": "8.61500000", "quoteQty": "500.10075000", "time": 1692849269331, "isBuyerMaker": false, "isBestMatch": true}, {"id": 104517823, "price": "58.05000000", "qty": "16.75700000", "quoteQty": "972.74385000", "time": 1692849269331, "isBuyerMaker": false, "isBestMatch": true}, {"id": 104517824, "price": "58.06000000", "qty": "2.35300000", "quoteQty": "136.61518000", "time": 1692849269331, "isBuyerMaker": false, "isBestMatch": true}, {"id": 104517825, "price": "58.06000000", "qty": "32.57800000", "quoteQty": "1891.47868000", "time": 1692849269331, "isBuyerMaker": false, "isBestMatch": true}, {"id": 104517826, "price": "58.06000000", "qty": "5.77500000", "quoteQty": "335.29650000", "time": 1692849269342, "isBuyerMaker": false, "isBestMatch": true}, {"id": 104517827, "price": "58.06000000", "qty": "11.94100000", "quoteQty": "693.29446000", "time": 1692849269342, "isBuyerMaker": false, "isBestMatch": true}, {"id": 104517828, "price": "58.06000000", "qty": "3.60000000", "quoteQty": "209.01600000", "time": 1692849269349, "isBuyerMaker": false, "isBestMatch": true}, {"id": 104517829, "price": "58.06000000", "qty": "3.80000000", "quoteQty": "220.62800000", "time": 1692849269369, "isBuyerMaker": false, "isBestMatch": true}, {"id": 104517830, "price": "58.08000000", "qty": "0.47600000", "quoteQty": "27.64608000", "time": 1692849269427, "isBuyerMaker": true, "isBestMatch": true}, {"id": 104517831, "price": "58.08000000", "qty": "0.47600000", "quoteQty": "27.64608000", "time": 1692849271947, "isBuyerMaker": true, "isBestMatch": true}, {"id": 104517832, "price": "58.08000000", "qty": "0.47600000", "quoteQty": "27.64608000", "time": 1692849272066, "isBuyerMaker": true, "isBestMatch": true}, {"id": 104517833, "price": "58.08000000", "qty": "0.47600000", "quoteQty": "27.64608000", "time": 1692849272181, "isBuyerMaker": true, "isBestMatch": true}, {"id": 104517834, "price": "58.08000000", "qty": "0.47600000", "quoteQty": "27.64608000", "time": 1692849272184, "isBuyerMaker": true, "isBestMatch": true}, {"id": 104517835, "price": "58.09000000", "qty": "0.21800000", "quoteQty": "12.66362000", "time": 1692849275142, "isBuyerMaker": false, "isBestMatch": true}, {"id": 104517836, "price": "58.09000000", "qty": "1.00900000", "quoteQty": "58.61281000", "time": 1692849275142, "isBuyerMaker": false, "isBestMatch": true}, {"id": 104517837, "price": "58.10000000", "qty": "18.63700000", "quoteQty": "1082.80970000", "time": 1692849275206, "isBuyerMaker": false, "isBestMatch": true}, {"id": 104517838, "price": "58.10000000", "qty": "0.20800000", "quoteQty": "12.08480000", "time": 1692849275206, "isBuyerMaker": false, "isBestMatch": true}, {"id": 104517839, "price": "58.10000000", "qty": "0.50000000", "quoteQty": "29.05000000", "time": 1692849275206, "isBuyerMaker": false, "isBestMatch": true}, {"id": 104517840, "price": "58.11000000", "qty": "0.55000000", "quoteQty": "31.96050000", "time": 1692849275221, "isBuyerMaker": false, "isBestMatch": true}, {"id": 104517841, "price": "58.11000000", "qty": "0.68300000", "quoteQty": "39.68913000", "time": 1692849275221, "isBuyerMaker": false, "isBestMatch": true}, {"id": 104517842, "price": "58.11000000", "qty": "3.60000000", "quoteQty": "209.19600000", "time": 1692849275234, "isBuyerMaker": false, "isBestMatch": true}, {"id": 104517843, "price": "58.11000000", "qty": "3.80000000", "quoteQty": "220.81800000", "time": 1692849275234, "isBuyerMaker": false, "isBestMatch": true}, {"id": 104517844, "price": "58.11000000", "qty": "3.90000000", "quoteQty": "226.62900000", "time": 1692849275243, "isBuyerMaker": false, "isBestMatch": true}, {"id": 104517845, "price": "58.11000000", "qty": "3.60000000", "quoteQty": "209.19600000", "time": 1692849275243, "isBuyerMaker": false, "isBestMatch": true}, {"id": 104517846, "price": "58.11000000", "qty": "3.50000000", "quoteQty": "203.38500000", "time": 1692849275243, "isBuyerMaker": false, "isBestMatch": true}, {"id": 104517847, "price": "58.11000000", "qty": "3.60000000", "quoteQty": "209.19600000", "time": 1692849275243, "isBuyerMaker": false, "isBestMatch": true}, {"id": 104517848, "price": "58.11000000", "qty": "3.90000000", "quoteQty": "226.62900000", "time": 1692849275243, "isBuyerMaker": false, "isBestMatch": true}, {"id": 104517849, "price": "58.11000000", "qty": "3.60000000", "quoteQty": "209.19600000", "time": 1692849275254, "isBuyerMaker": false, "isBestMatch": true}, {"id": 104517850, "price": "58.11000000", "qty": "3.30000000", "quoteQty": "191.76300000", "time": 1692849275254, "isBuyerMaker": false, "isBestMatch": true}, {"id": 104517851, "price": "58.12000000", "qty": "1.26400000", "quoteQty": "73.46368000", "time": 1692849275263, "isBuyerMaker": false, "isBestMatch": true}, {"id": 104517852, "price": "58.12000000", "qty": "2.35300000", "quoteQty": "136.75636000", "time": 1692849275263, "isBuyerMaker": false, "isBestMatch": true}, {"id": 104517853, "price": "58.13000000", "qty": "3.60000000", "quoteQty": "209.26800000", "time": 1692849275313, "isBuyerMaker": false, "isBestMatch": true}, {"id": 104517854, "price": "58.13000000", "qty": "3.60000000", "quoteQty": "209.26800000", "time": 1692849275313, "isBuyerMaker": false, "isBestMatch": true}, {"id": 104517855, "price": "58.13000000", "qty": "3.60000000", "quoteQty": "209.26800000", "time": 1692849275322, "isBuyerMaker": false, "isBestMatch": true}, {"id": 104517856, "price": "58.14000000", "qty": "0.45000000", "quoteQty": "26.16300000", "time": 1692849275330, "isBuyerMaker": false, "isBestMatch": true}, {"id": 104517857, "price": "58.13000000", "qty": "3.90000000", "quoteQty": "226.70700000", "time": 1692849275380, "isBuyerMaker": false, "isBestMatch": true}, {"id": 104517858, "price": "58.13000000", "qty": "0.18300000", "quoteQty": "10.63779000", "time": 1692849275981, "isBuyerMaker": false, "isBestMatch": true}, {"id": 104517859, "price": "58.14000000", "qty": "7.56800000", "quoteQty": "440.00352000", "time": 1692849283746, "isBuyerMaker": true, "isBestMatch": true}, {"id": 104517860, "price": "58.14000000", "qty": "0.35100000", "quoteQty": "20.40714000", "time": 1692849283801, "isBuyerMaker": true, "isBestMatch": true}, {"id": 104517861, "price": "58.13000000", "qty": "0.32800000", "quoteQty": "19.06664000", "time": 1692849284172, "isBuyerMaker": true, "isBestMatch": true}, {"id": 104517862, "price": "58.13000000", "qty": "0.32800000", "quoteQty": "19.06664000", "time": 1692849284294, "isBuyerMaker": true, "isBestMatch": true}, {"id": 104517863, "price": "58.13000000", "qty": "0.32800000", "quoteQty": "19.06664000", "time": 1692849284301, "isBuyerMaker": true, "isBestMatch": true}, {"id": 104517864, "price": "58.13000000", "qty": "0.32800000", "quoteQty": "19.06664000", "time": 1692849284403, "isBuyerMaker": true, "isBestMatch": true}, {"id": 104517865, "price": "58.13000000", "qty": "0.32800000", "quoteQty": "19.06664000", "time": 1692849284501, "isBuyerMaker": true, "isBestMatch": true}, {"id": 104517866, "price": "58.13000000", "qty": "0.32800000", "quoteQty": "19.06664000", "time": 1692849284658, "isBuyerMaker": true, "isBestMatch": true}, {"id": 104517867, "price": "58.13000000", "qty": "0.30800000", "quoteQty": "17.90404000", "time": 1692849284659, "isBuyerMaker": true, "isBestMatch": true}, {"id": 104517868, "price": "58.13000000", "qty": "0.02000000", "quoteQty": "1.16260000", "time": 1692849284668, "isBuyerMaker": true, "isBestMatch": true}, {"id": 104517869, "price": "58.13000000", "qty": "0.32800000", "quoteQty": "19.06664000", "time": 1692849284668, "isBuyerMaker": true, "isBestMatch": true}, {"id": 104517870, "price": "58.13000000", "qty": "0.05800000", "quoteQty": "3.37154000", "time": 1692849284668, "isBuyerMaker": true, "isBestMatch": true}, {"id": 104517871, "price": "58.11000000", "qty": "0.31600000", "quoteQty": "18.36276000", "time": 1692849285081, "isBuyerMaker": true, "isBestMatch": true}, {"id": 104517872, "price": "58.11000000", "qty": "0.31600000", "quoteQty": "18.36276000", "time": 1692849285081, "isBuyerMaker": true, "isBestMatch": true}, {"id": 104517873, "price": "58.11000000", "qty": "0.31600000", "quoteQty": "18.36276000", "time": 1692849285081, "isBuyerMaker": true, "isBestMatch": true}, {"id": 104517874, "price": "58.11000000", "qty": "0.31600000", "quoteQty": "18.36276000", "time": 1692849285081, "isBuyerMaker": true, "isBestMatch": true}, {"id": 104517875, "price": "58.11000000", "qty": "0.31600000", "quoteQty": "18.36276000", "time": 1692849285081, "isBuyerMaker": true, "isBestMatch": true}, {"id": 104517876, "price": "58.11000000", "qty": "0.31600000", "quoteQty": "18.36276000", "time": 1692849285081, "isBuyerMaker": true, "isBestMatch": true}, {"id": 104517877, "price": "58.11000000", "qty": "0.31600000", "quoteQty": "18.36276000", "time": 1692849285081, "isBuyerMaker": true, "isBestMatch": true}, {"id": 104517878, "price": "58.11000000", "qty": "0.31600000", "quoteQty": "18.36276000", "time": 1692849285081, "isBuyerMaker": true, "isBestMatch": true}, {"id": 104517879, "price": "58.11000000", "qty": "0.16900000", "quoteQty": "9.82059000", "time": 1692849285081, "isBuyerMaker": true, "isBestMatch": true}, {"id": 104517880, "price": "58.10000000", "qty": "30.13200000", "quoteQty": "1750.66920000", "time": 1692849285081, "isBuyerMaker": true, "isBestMatch": true}, {"id": 104517881, "price": "58.10000000", "qty": "4.86800000", "quoteQty": "282.83080000", "time": 1692849285102, "isBuyerMaker": true, "isBestMatch": true}, {"id": 104517882, "price": "58.09000000", "qty": "0.22600000", "quoteQty": "13.12834000", "time": 1692849285102, "isBuyerMaker": true, "isBestMatch": true}, {"id": 104517883, "price": "58.08000000", "qty": "1.21600000", "quoteQty": "70.62528000", "time": 1692849285102, "isBuyerMaker": true, "isBestMatch": true}, {"id": 104517884, "price": "58.08000000", "qty": "0.20800000", "quoteQty": "12.08064000", "time": 1692849285102, "isBuyerMaker": true, "isBestMatch": true}, {"id": 104517885, "price": "58.08000000", "qty": "0.35000000", "quoteQty": "20.32800000", "time": 1692849285102, "isBuyerMaker": true, "isBestMatch": true}, {"id": 104517886, "price": "58.10000000", "qty": "35.00000000", "quoteQty": "2033.50000000", "time": 1692849286080, "isBuyerMaker": true, "isBestMatch": true}, {"id": 104517887, "price": "58.10000000", "qty": "0.45500000", "quoteQty": "26.43550000", "time": 1692849286080, "isBuyerMaker": true, "isBestMatch": true}, {"id": 104517888, "price": "58.10000000", "qty": "0.41200000", "quoteQty": "23.93720000", "time": 1692849286083, "isBuyerMaker": true, "isBestMatch": true}, {"id": 104517889, "price": "58.08000000", "qty": "0.28700000", "quoteQty": "16.66896000", "time": 1692849289621, "isBuyerMaker": true, "isBestMatch": true}, {"id": 104517890, "price": "58.07000000", "qty": "0.40900000", "quoteQty": "23.75063000", "time": 1692849290081, "isBuyerMaker": true, "isBestMatch": true}, {"id": 104517891, "price": "58.07000000", "qty": "0.40900000", "quoteQty": "23.75063000", "time": 1692849290203, "isBuyerMaker": true, "isBestMatch": true}, {"id": 104517892, "price": "58.07000000", "qty": "0.40900000", "quoteQty": "23.75063000", "time": 1692849290206, "isBuyerMaker": true, "isBestMatch": true}, {"id": 104517893, "price": "58.07000000", "qty": "0.40900000", "quoteQty": "23.75063000", "time": 1692849290224, "isBuyerMaker": true, "isBestMatch": true}, {"id": 104517894, "price": "58.07000000", "qty": "0.00300000", "quoteQty": "0.17421000", "time": 1692849290224, "isBuyerMaker": true, "isBestMatch": true}, {"id": 104517895, "price": "58.07000000", "qty": "0.40600000", "quoteQty": "23.57642000", "time": 1692849290225, "isBuyerMaker": true, "isBestMatch": true}, {"id": 104517896, "price": "58.07000000", "qty": "0.01600000", "quoteQty": "0.92912000", "time": 1692849290225, "isBuyerMaker": true, "isBestMatch": true}, {"id": 104517897, "price": "58.06000000", "qty": "0.20500000", "quoteQty": "11.90230000", "time": 1692849290228, "isBuyerMaker": true, "isBestMatch": true}, {"id": 104517898, "price": "58.06000000", "qty": "0.00300000", "quoteQty": "0.17418000", "time": 1692849290316, "isBuyerMaker": true, "isBestMatch": true}, {"id": 104517899, "price": "58.06000000", "qty": "0.40500000", "quoteQty": "23.51430000", "time": 1692849290316, "isBuyerMaker": true, "isBestMatch": true}, {"id": 104517900, "price": "58.06000000", "qty": "0.40500000", "quoteQty": "23.51430000", "time": 1692849290316, "isBuyerMaker": true, "isBestMatch": true}, {"id": 104517901, "price": "58.06000000", "qty": "0.40500000", "quoteQty": "23.51430000", "time": 1692849290316, "isBuyerMaker": true, "isBestMatch": true}, {"id": 104517902, "price": "58.06000000", "qty": "0.40500000", "quoteQty": "23.51430000", "time": 1692849290316, "isBuyerMaker": true, "isBestMatch": true}, {"id": 104517903, "price": "58.06000000", "qty": "0.09900000", "quoteQty": "5.74794000", "time": 1692849290316, "isBuyerMaker": true, "isBestMatch": true}, {"id": 104517904, "price": "58.06000000", "qty": "0.30600000", "quoteQty": "17.76636000", "time": 1692849290341, "isBuyerMaker": true, "isBestMatch": true}, {"id": 104517905, "price": "58.06000000", "qty": "0.40500000", "quoteQty": "23.51430000", "time": 1692849290341, "isBuyerMaker": true, "isBestMatch": true}, {"id": 104517906, "price": "58.06000000", "qty": "0.23100000", "quoteQty": "13.41186000", "time": 1692849290341, "isBuyerMaker": true, "isBestMatch": true}, {"id": 104517907, "price": "58.06000000", "qty": "11.20800000", "quoteQty": "650.73648000", "time": 1692849291376, "isBuyerMaker": false, "isBestMatch": true}, {"id": 104517908, "price": "58.06000000", "qty": "1.77200000", "quoteQty": "102.88232000", "time": 1692849291376, "isBuyerMaker": false, "isBestMatch": true}, {"id": 104517909, "price": "58.07000000", "qty": "12.30200000", "quoteQty": "714.37714000", "time": 1692849291376, "isBuyerMaker": false, "isBestMatch": true}, {"id": 104517910, "price": "58.08000000", "qty": "3.60000000", "quoteQty": "209.08800000", "time": 1692849291376, "isBuyerMaker": false, "isBestMatch": true}, {"id": 104517911, "price": "58.08000000", "qty": "3.60000000", "quoteQty": "209.08800000", "time": 1692849291376, "isBuyerMaker": false, "isBestMatch": true}, {"id": 104517912, "price": "58.08000000", "qty": "3.90000000", "quoteQty": "226.51200000", "time": 1692849291376, "isBuyerMaker": false, "isBestMatch": true}, {"id": 104517913, "price": "58.08000000", "qty": "3.80000000", "quoteQty": "220.70400000", "time": 1692849291376, "isBuyerMaker": false, "isBestMatch": true}, {"id": 104517914, "price": "58.08000000", "qty": "3.60000000", "quoteQty": "209.08800000", "time": 1692849291376, "isBuyerMaker": false, "isBestMatch": true}, {"id": 104517915, "price": "58.08000000", "qty": "3.50000000", "quoteQty": "203.28000000", "time": 1692849291376, "isBuyerMaker": false, "isBestMatch": true}, {"id": 104517916, "price": "58.08000000", "qty": "3.90000000", "quoteQty": "226.51200000", "time": 1692849291376, "isBuyerMaker": false, "isBestMatch": true}, {"id": 104517917, "price": "58.09000000", "qty": "3.60000000", "quoteQty": "209.12400000", "time": 1692849291376, "isBuyerMaker": false, "isBestMatch": true}, {"id": 104517918, "price": "58.09000000", "qty": "3.60000000", "quoteQty": "209.12400000", "time": 1692849291376, "isBuyerMaker": false, "isBestMatch": true}, {"id": 104517919, "price": "58.09000000", "qty": "3.60000000", "quoteQty": "209.12400000", "time": 1692849291376, "isBuyerMaker": false, "isBestMatch": true}, {"id": 104517920, "price": "58.09000000", "qty": "3.60000000", "quoteQty": "209.12400000", "time": 1692849291376, "isBuyerMaker": false, "isBestMatch": true}, {"id": 104517921, "price": "58.09000000", "qty": "1.23200000", "quoteQty": "71.56688000", "time": 1692849291376, "isBuyerMaker": false, "isBestMatch": true}, {"id": 104517922, "price": "58.09000000", "qty": "8.60900000", "quoteQty": "500.09681000", "time": 1692849291376, "isBuyerMaker": false, "isBestMatch": true}, {"id": 104517923, "price": "58.09000000", "qty": "2.35300000", "quoteQty": "136.68577000", "time": 1692849291376, "isBuyerMaker": false, "isBestMatch": true}, {"id": 104517924, "price": "58.10000000", "qty": "12.31800000", "quoteQty": "715.67580000", "time": 1692849291385, "isBuyerMaker": false, "isBestMatch": true}, {"id": 104517925, "price": "58.11000000", "qty": "1.21600000", "quoteQty": "70.66176000", "time": 1692849291385, "isBuyerMaker": false, "isBestMatch": true}, {"id": 104517926, "price": "58.07000000", "qty": "0.51700000", "quoteQty": "30.02219000", "time": 1692849291386, "isBuyerMaker": true, "isBestMatch": true}, {"id": 104517927, "price": "58.09000000", "qty": "2.39400000", "quoteQty": "139.06746000", "time": 1692849291392, "isBuyerMaker": false, "isBestMatch": true}, {"id": 104517928, "price": "58.09000000", "qty": "3.38400000", "quoteQty": "196.57656000", "time": 1692849291400, "isBuyerMaker": false, "isBestMatch": true}, {"id": 104517929, "price": "58.11000000", "qty": "0.37900000", "quoteQty": "22.02369000", "time": 1692849291977, "isBuyerMaker": true, "isBestMatch": true}, {"id": 104517930, "price": "58.11000000", "qty": "0.37900000", "quoteQty": "22.02369000", "time": 1692849300416, "isBuyerMaker": true, "isBestMatch": true}, {"id": 104517931, "price": "58.11000000", "qty": "0.37900000", "quoteQty": "22.02369000", "time": 1692849300420, "isBuyerMaker": true, "isBestMatch": true}, {"id": 104517932, "price": "58.11000000", "qty": "0.37900000", "quoteQty": "22.02369000", "time": 1692849300544, "isBuyerMaker": true, "isBestMatch": true}, {"id": 104517933, "price": "58.11000000", "qty": "0.37900000", "quoteQty": "22.02369000", "time": 1692849300692, "isBuyerMaker": true, "isBestMatch": true}, {"id": 104517934, "price": "58.09000000", "qty": "0.29300000", "quoteQty": "17.02037000", "time": 1692849303080, "isBuyerMaker": true, "isBestMatch": true}, {"id": 104517935, "price": "58.09000000", "qty": "0.29300000", "quoteQty": "17.02037000", "time": 1692849303118, "isBuyerMaker": true, "isBestMatch": true}, {"id": 104517936, "price": "58.09000000", "qty": "0.29300000", "quoteQty": "17.02037000", "time": 1692849303213, "isBuyerMaker": true, "isBestMatch": true}, {"id": 104517937, "price": "58.09000000", "qty": "0.29300000", "quoteQty": "17.02037000", "time": 1692849303921, "isBuyerMaker": true, "isBestMatch": true}, {"id": 104517938, "price": "58.09000000", "qty": "0.29300000", "quoteQty": "17.02037000", "time": 1692849304080, "isBuyerMaker": true, "isBestMatch": true}, {"id": 104517939, "price": "58.09000000", "qty": "0.29300000", "quoteQty": "17.02037000", "time": 1692849304211, "isBuyerMaker": true, "isBestMatch": true}, {"id": 104517940, "price": "58.09000000", "qty": "0.29300000", "quoteQty": "17.02037000", "time": 1692849304213, "isBuyerMaker": true, "isBestMatch": true}, {"id": 104517941, "price": "58.09000000", "qty": "0.23600000", "quoteQty": "13.70924000", "time": 1692849304331, "isBuyerMaker": true, "isBestMatch": true}, {"id": 104517942, "price": "58.10000000", "qty": "3.60000000", "quoteQty": "209.16000000", "time": 1692849310729, "isBuyerMaker": false, "isBestMatch": true}, {"id": 104517943, "price": "58.10000000", "qty": "3.50000000", "quoteQty": "203.35000000", "time": 1692849310729, "isBuyerMaker": false, "isBestMatch": true}, {"id": 104517944, "price": "58.10000000", "qty": "3.60000000", "quoteQty": "209.16000000", "time": 1692849310729, "isBuyerMaker": false, "isBestMatch": true}, {"id": 104517945, "price": "58.10000000", "qty": "3.80000000", "quoteQty": "220.78000000", "time": 1692849310729, "isBuyerMaker": false, "isBestMatch": true}, {"id": 104517946, "price": "58.10000000", "qty": "3.60000000", "quoteQty": "209.16000000", "time": 1692849310729, "isBuyerMaker": false, "isBestMatch": true}, {"id": 104517947, "price": "58.10000000", "qty": "3.90000000", "quoteQty": "226.59000000", "time": 1692849310729, "isBuyerMaker": false, "isBestMatch": true}, {"id": 104517948, "price": "58.10000000", "qty": "3.90000000", "quoteQty": "226.59000000", "time": 1692849310729, "isBuyerMaker": false, "isBestMatch": true}, {"id": 104517949, "price": "58.12000000", "qty": "0.18300000", "quoteQty": "10.63596000", "time": 1692849310729, "isBuyerMaker": false, "isBestMatch": true}, {"id": 104517950, "price": "58.12000000", "qty": "3.30000000", "quoteQty": "191.79600000", "time": 1692849310729, "isBuyerMaker": false, "isBestMatch": true}, {"id": 104517951, "price": "58.12000000", "qty": "3.60000000", "quoteQty": "209.23200000", "time": 1692849310729, "isBuyerMaker": false, "isBestMatch": true}, {"id": 104517952, "price": "58.12000000", "qty": "8.60500000", "quoteQty": "500.12260000", "time": 1692849310729, "isBuyerMaker": false, "isBestMatch": true}, {"id": 104517953, "price": "58.12000000", "qty": "2.35300000", "quoteQty": "136.75636000", "time": 1692849310729, "isBuyerMaker": false, "isBestMatch": true}, {"id": 104517954, "price": "58.13000000", "qty": "0.20800000", "quoteQty": "12.09104000", "time": 1692849310729, "isBuyerMaker": false, "isBestMatch": true}, {"id": 104517955, "price": "58.11000000", "qty": "3.44200000", "quoteQty": "200.01462000", "time": 1692849310735, "isBuyerMaker": true, "isBestMatch": true}, {"id": 104517956, "price": "58.12000000", "qty": "0.53200000", "quoteQty": "30.91984000", "time": 1692849313114, "isBuyerMaker": true, "isBestMatch": true}, {"id": 104517957, "price": "58.12000000", "qty": "0.27600000", "quoteQty": "16.04112000", "time": 1692849314959, "isBuyerMaker": true, "isBestMatch": true}, {"id": 104517958, "price": "58.12000000", "qty": "0.25600000", "quoteQty": "14.87872000", "time": 1692849315059, "isBuyerMaker": true, "isBestMatch": true}, {"id": 104517959, "price": "58.12000000", "qty": "1.10900000", "quoteQty": "64.45508000", "time": 1692849315059, "isBuyerMaker": true, "isBestMatch": true}, {"id": 104517960, "price": "58.12000000", "qty": "4.22100000", "quoteQty": "245.32452000", "time": 1692849315059, "isBuyerMaker": true, "isBestMatch": true}, {"id": 104517961, "price": "58.12000000", "qty": "0.53200000", "quoteQty": "30.91984000", "time": 1692849315191, "isBuyerMaker": true, "isBestMatch": true}, {"id": 104517962, "price": "58.12000000", "qty": "0.53200000", "quoteQty": "30.91984000", "time": 1692849315191, "isBuyerMaker": true, "isBestMatch": true}, {"id": 104517963, "price": "58.12000000", "qty": "0.53200000", "quoteQty": "30.91984000", "time": 1692849315191, "isBuyerMaker": true, "isBestMatch": true}, {"id": 104517964, "price": "58.12000000", "qty": "0.02400000", "quoteQty": "1.39488000", "time": 1692849315191, "isBuyerMaker": true, "isBestMatch": true}, {"id": 104517965, "price": "58.13000000", "qty": "0.21500000", "quoteQty": "12.49795000", "time": 1692849321700, "isBuyerMaker": false, "isBestMatch": true}, {"id": 104517966, "price": "58.12000000", "qty": "0.27000000", "quoteQty": "15.69240000", "time": 1692849321721, "isBuyerMaker": true, "isBestMatch": true}, {"id": 104517967, "price": "58.13000000", "qty": "6.84800000", "quoteQty": "398.07424000", "time": 1692849322903, "isBuyerMaker": true, "isBestMatch": true}, {"id": 104517968, "price": "58.13000000", "qty": "5.67100000", "quoteQty": "329.65523000", "time": 1692849322903, "isBuyerMaker": true, "isBestMatch": true}, {"id": 104517969, "price": "58.13000000", "qty": "0.25000000", "quoteQty": "14.53250000", "time": 1692849323021, "isBuyerMaker": true, "isBestMatch": true}, {"id": 104517970, "price": "58.13000000", "qty": "0.25000000", "quoteQty": "14.53250000", "time": 1692849323227, "isBuyerMaker": true, "isBestMatch": true}, {"id": 104517971, "price": "58.13000000", "qty": "0.25000000", "quoteQty": "14.53250000", "time": 1692849323322, "isBuyerMaker": true, "isBestMatch": true}, {"id": 104517972, "price": "58.13000000", "qty": "0.25000000", "quoteQty": "14.53250000", "time": 1692849323423, "isBuyerMaker": true, "isBestMatch": true}, {"id": 104517973, "price": "58.13000000", "qty": "0.25000000", "quoteQty": "14.53250000", "time": 1692849323524, "isBuyerMaker": true, "isBestMatch": true}, {"id": 104517974, "price": "58.13000000", "qty": "0.25000000", "quoteQty": "14.53250000", "time": 1692849323624, "isBuyerMaker": true, "isBestMatch": true}, {"id": 104517975, "price": "58.13000000", "qty": "0.25000000", "quoteQty": "14.53250000", "time": 1692849324222, "isBuyerMaker": true, "isBestMatch": true}, {"id": 104517976, "price": "58.15000000", "qty": "0.20800000", "quoteQty": "12.09520000", "time": 1692849329051, "isBuyerMaker": false, "isBestMatch": true}, {"id": 104517977, "price": "58.15000000", "qty": "0.00700000", "quoteQty": "0.40705000", "time": 1692849329051, "isBuyerMaker": false, "isBestMatch": true}, {"id": 104517978, "price": "58.15000000", "qty": "6.84800000", "quoteQty": "398.21120000", "time": 1692849330723, "isBuyerMaker": true, "isBestMatch": true}, {"id": 104517979, "price": "58.15000000", "qty": "5.67100000", "quoteQty": "329.76865000", "time": 1692849330723, "isBuyerMaker": true, "isBestMatch": true}, {"id": 104517980, "price": "58.15000000", "qty": "7.06200000", "quoteQty": "410.65530000", "time": 1692849330723, "isBuyerMaker": true, "isBestMatch": true}, {"id": 104517981, "price": "58.15000000", "qty": "1.10900000", "quoteQty": "64.48835000", "time": 1692849336642, "isBuyerMaker": true, "isBestMatch": true}, {"id": 104517982, "price": "58.15000000", "qty": "0.60900000", "quoteQty": "35.41335000", "time": 1692849339384, "isBuyerMaker": true, "isBestMatch": true}, {"id": 104517983, "price": "58.14000000", "qty": "3.44200000", "quoteQty": "200.11788000", "time": 1692849339435, "isBuyerMaker": false, "isBestMatch": true}, {"id": 104517984, "price": "58.14000000", "qty": "0.28400000", "quoteQty": "16.51176000", "time": 1692849350807, "isBuyerMaker": true, "isBestMatch": true}, {"id": 104517985, "price": "58.14000000", "qty": "5.07400000", "quoteQty": "295.00236000", "time": 1692849350807, "isBuyerMaker": true, "isBestMatch": true}, {"id": 104517986, "price": "58.14000000", "qty": "0.20500000", "quoteQty": "11.91870000", "time": 1692849356839, "isBuyerMaker": true, "isBestMatch": true}, {"id": 104517987, "price": "58.14000000", "qty": "0.07900000", "quoteQty": "4.59306000", "time": 1692849356839, "isBuyerMaker": true, "isBestMatch": true}, {"id": 104517988, "price": "58.14000000", "qty": "0.20500000", "quoteQty": "11.91870000", "time": 1692849356839, "isBuyerMaker": true, "isBestMatch": true}, {"id": 104517989, "price": "58.12000000", "qty": "0.53900000", "quoteQty": "31.32668000", "time": 1692849359955, "isBuyerMaker": true, "isBestMatch": true}, {"id": 104517990, "price": "58.12000000", "qty": "0.53900000", "quoteQty": "31.32668000", "time": 1692849359955, "isBuyerMaker": true, "isBestMatch": true}, {"id": 104517991, "price": "58.12000000", "qty": "0.53900000", "quoteQty": "31.32668000", "time": 1692849359955, "isBuyerMaker": true, "isBestMatch": true}, {"id": 104517992, "price": "58.12000000", "qty": "0.53900000", "quoteQty": "31.32668000", "time": 1692849359955, "isBuyerMaker": true, "isBestMatch": true}, {"id": 104517993, "price": "58.12000000", "qty": "0.53900000", "quoteQty": "31.32668000", "time": 1692849359955, "isBuyerMaker": true, "isBestMatch": true}, {"id": 104517994, "price": "58.12000000", "qty": "0.15300000", "quoteQty": "8.89236000", "time": 1692849359955, "isBuyerMaker": true, "isBestMatch": true}, {"id": 104517995, "price": "58.11000000", "qty": "1.10900000", "quoteQty": "64.44399000", "time": 1692849359955, "isBuyerMaker": true, "isBestMatch": true}, {"id": 104517996, "price": "58.11000000", "qty": "4.33500000", "quoteQty": "251.90685000", "time": 1692849359955, "isBuyerMaker": true, "isBestMatch": true}, {"id": 104517997, "price": "58.11000000", "qty": "4.57400000", "quoteQty": "265.79514000", "time": 1692849359955, "isBuyerMaker": true, "isBestMatch": true}, {"id": 104517998, "price": "58.10000000", "qty": "0.03400000", "quoteQty": "1.97540000", "time": 1692849359955, "isBuyerMaker": true, "isBestMatch": true}, {"id": 104517999, "price": "58.10000000", "qty": "2.90000000", "quoteQty": "168.49000000", "time": 1692849360070, "isBuyerMaker": true, "isBestMatch": true}, {"id": 104518000, "price": "58.10000000", "qty": "0.40000000", "quoteQty": "23.24000000", "time": 1692849360070, "isBuyerMaker": true, "isBestMatch": true}, {"id": 104518001, "price": "58.10000000", "qty": "0.30800000", "quoteQty": "17.89480000", "time": 1692849360076, "isBuyerMaker": true, "isBestMatch": true}, {"id": 104518002, "price": "58.10000000", "qty": "0.09200000", "quoteQty": "5.34520000", "time": 1692849360080, "isBuyerMaker": true, "isBestMatch": true}, {"id": 104518003, "price": "58.10000000", "qty": "0.01000000", "quoteQty": "0.58100000", "time": 1692849360080, "isBuyerMaker": true, "isBestMatch": true}, {"id": 104518004, "price": "58.10000000", "qty": "0.39000000", "quoteQty": "22.65900000", "time": 1692849360146, "isBuyerMaker": true, "isBestMatch": true}, {"id": 104518005, "price": "58.10000000", "qty": "0.40000000", "quoteQty": "23.24000000", "time": 1692849362213, "isBuyerMaker": true, "isBestMatch": true}, {"id": 104518006, "price": "58.10000000", "qty": "0.40000000", "quoteQty": "23.24000000", "time": 1692849362272, "isBuyerMaker": true, "isBestMatch": true}, {"id": 104518007, "price": "58.10000000", "qty": "0.21800000", "quoteQty": "12.66580000", "time": 1692849362402, "isBuyerMaker": true, "isBestMatch": true}, {"id": 104518008, "price": "58.09000000", "qty": "0.20800000", "quoteQty": "12.08272000", "time": 1692849362402, "isBuyerMaker": true, "isBestMatch": true}, {"id": 104518009, "price": "58.09000000", "qty": "0.18300000", "quoteQty": "10.63047000", "time": 1692849362402, "isBuyerMaker": true, "isBestMatch": true}, {"id": 104518010, "price": "58.08000000", "qty": "3.30000000", "quoteQty": "191.66400000", "time": 1692849362402, "isBuyerMaker": true, "isBestMatch": true}, {"id": 104518011, "price": "58.07000000", "qty": "1.10900000", "quoteQty": "64.39963000", "time": 1692849362402, "isBuyerMaker": true, "isBestMatch": true}, {"id": 104518012, "price": "58.07000000", "qty": "1.17500000", "quoteQty": "68.23225000", "time": 1692849362402, "isBuyerMaker": true, "isBestMatch": true}, {"id": 104518013, "price": "58.07000000", "qty": "0.55000000", "quoteQty": "31.93850000", "time": 1692849362402, "isBuyerMaker": true, "isBestMatch": true}, {"id": 104518014, "price": "58.07000000", "qty": "0.64700000", "quoteQty": "37.57129000", "time": 1692849362402, "isBuyerMaker": true, "isBestMatch": true}, {"id": 104518015, "price": "58.07000000", "qty": "0.60900000", "quoteQty": "35.36463000", "time": 1692849362402, "isBuyerMaker": true, "isBestMatch": true}, {"id": 104518016, "price": "58.08000000", "qty": "5.90500000", "quoteQty": "342.96240000", "time": 1692849367597, "isBuyerMaker": false, "isBestMatch": true}, {"id": 104518017, "price": "58.08000000", "qty": "16.24900000", "quoteQty": "943.74192000", "time": 1692849367597, "isBuyerMaker": false, "isBestMatch": true}, {"id": 104518018, "price": "58.10000000", "qty": "0.20800000", "quoteQty": "12.08480000", "time": 1692849367625, "isBuyerMaker": false, "isBestMatch": true}, {"id": 104518019, "price": "58.10000000", "qty": "3.60000000", "quoteQty": "209.16000000", "time": 1692849367625, "isBuyerMaker": false, "isBestMatch": true}, {"id": 104518020, "price": "58.11000000", "qty": "0.18300000", "quoteQty": "10.63413000", "time": 1692849369449, "isBuyerMaker": false, "isBestMatch": true}, {"id": 104518021, "price": "58.11000000", "qty": "0.20800000", "quoteQty": "12.08688000", "time": 1692849369449, "isBuyerMaker": false, "isBestMatch": true}, {"id": 104518022, "price": "58.12000000", "qty": "1.11000000", "quoteQty": "64.51320000", "time": 1692849374047, "isBuyerMaker": true, "isBestMatch": true}, {"id": 104518023, "price": "58.12000000", "qty": "0.23300000", "quoteQty": "13.54196000", "time": 1692849374047, "isBuyerMaker": true, "isBestMatch": true}, {"id": 104518024, "price": "58.12000000", "qty": "0.23300000", "quoteQty": "13.54196000", "time": 1692849389580, "isBuyerMaker": true, "isBestMatch": true}, {"id": 104518025, "price": "58.12000000", "qty": "1.10900000", "quoteQty": "64.45508000", "time": 1692849389580, "isBuyerMaker": true, "isBestMatch": true}, {"id": 104518026, "price": "58.12000000", "qty": "0.23300000", "quoteQty": "13.54196000", "time": 1692849389659, "isBuyerMaker": true, "isBestMatch": true}, {"id": 104518027, "price": "58.12000000", "qty": "1.10900000", "quoteQty": "64.45508000", "time": 1692849389659, "isBuyerMaker": true, "isBestMatch": true}, {"id": 104518028, "price": "58.10000000", "qty": "1.11000000", "quoteQty": "64.49100000", "time": 1692849397283, "isBuyerMaker": true, "isBestMatch": true}, {"id": 104518029, "price": "58.10000000", "qty": "0.20300000", "quoteQty": "11.79430000", "time": 1692849397283, "isBuyerMaker": true, "isBestMatch": true}, {"id": 104518030, "price": "58.10000000", "qty": "0.20300000", "quoteQty": "11.79430000", "time": 1692849397283, "isBuyerMaker": true, "isBestMatch": true}, {"id": 104518031, "price": "58.10000000", "qty": "0.06700000", "quoteQty": "3.89270000", "time": 1692849397283, "isBuyerMaker": true, "isBestMatch": true}, {"id": 104518032, "price": "58.10000000", "qty": "0.13600000", "quoteQty": "7.90160000", "time": 1692849397285, "isBuyerMaker": true, "isBestMatch": true}, {"id": 104518033, "price": "58.10000000", "qty": "0.20300000", "quoteQty": "11.79430000", "time": 1692849397285, "isBuyerMaker": true, "isBestMatch": true}, {"id": 104518034, "price": "58.10000000", "qty": "0.20300000", "quoteQty": "11.79430000", "time": 1692849397285, "isBuyerMaker": true, "isBestMatch": true}, {"id": 104518035, "price": "58.10000000", "qty": "0.20300000", "quoteQty": "11.79430000", "time": 1692849397285, "isBuyerMaker": true, "isBestMatch": true}, {"id": 104518036, "price": "58.10000000", "qty": "0.20300000", "quoteQty": "11.79430000", "time": 1692849397285, "isBuyerMaker": true, "isBestMatch": true}, {"id": 104518037, "price": "58.10000000", "qty": "0.20300000", "quoteQty": "11.79430000", "time": 1692849397285, "isBuyerMaker": true, "isBestMatch": true}, {"id": 104518038, "price": "58.10000000", "qty": "0.17200000", "quoteQty": "9.99320000", "time": 1692849397285, "isBuyerMaker": true, "isBestMatch": true}, {"id": 104518039, "price": "58.10000000", "qty": "0.03100000", "quoteQty": "1.80110000", "time": 1692849397286, "isBuyerMaker": true, "isBestMatch": true}, {"id": 104518040, "price": "58.10000000", "qty": "0.01500000", "quoteQty": "0.87150000", "time": 1692849397286, "isBuyerMaker": true, "isBestMatch": true}, {"id": 104518041, "price": "58.09000000", "qty": "1.13200000", "quoteQty": "65.75788000", "time": 1692849397286, "isBuyerMaker": true, "isBestMatch": true}, {"id": 104518042, "price": "58.09000000", "qty": "2.26300000", "quoteQty": "131.45767000", "time": 1692849397286, "isBuyerMaker": true, "isBestMatch": true}, {"id": 104518043, "price": "58.08000000", "qty": "1.11000000", "quoteQty": "64.46880000", "time": 1692849397369, "isBuyerMaker": true, "isBestMatch": true}, {"id": 104518044, "price": "58.08000000", "qty": "1.17900000", "quoteQty": "68.47632000", "time": 1692849397369, "isBuyerMaker": true, "isBestMatch": true}, {"id": 104518045, "price": "58.08000000", "qty": "11.68600000", "quoteQty": "678.72288000", "time": 1692849397369, "isBuyerMaker": true, "isBestMatch": true}, {"id": 104518046, "price": "58.08000000", "qty": "4.34200000", "quoteQty": "252.18336000", "time": 1692849397369, "isBuyerMaker": true, "isBestMatch": true}, {"id": 104518047, "price": "58.07000000", "qty": "1.11000000", "quoteQty": "64.45770000", "time": 1692849397710, "isBuyerMaker": false, "isBestMatch": true}, {"id": 104518048, "price": "58.08000000", "qty": "0.15500000", "quoteQty": "9.00240000", "time": 1692849398930, "isBuyerMaker": false, "isBestMatch": true}, {"id": 104518049, "price": "58.08000000", "qty": "0.95500000", "quoteQty": "55.46640000", "time": 1692849410291, "isBuyerMaker": false, "isBestMatch": true}, {"id": 104518050, "price": "58.08000000", "qty": "3.54400000", "quoteQty": "205.83552000", "time": 1692849410291, "isBuyerMaker": false, "isBestMatch": true}, {"id": 104518051, "price": "58.08000000", "qty": "0.61400000", "quoteQty": "35.66112000", "time": 1692849410291, "isBuyerMaker": false, "isBestMatch": true}, {"id": 104518052, "price": "58.08000000", "qty": "0.97700000", "quoteQty": "56.74416000", "time": 1692849410291, "isBuyerMaker": false, "isBestMatch": true}, {"id": 104518053, "price": "58.09000000", "qty": "1.11000000", "quoteQty": "64.47990000", "time": 1692849410300, "isBuyerMaker": false, "isBestMatch": true}, {"id": 104518054, "price": "58.13000000", "qty": "0.33000000", "quoteQty": "19.18290000", "time": 1692849416656, "isBuyerMaker": false, "isBestMatch": true}, {"id": 104518055, "price": "58.13000000", "qty": "0.20800000", "quoteQty": "12.09104000", "time": 1692849416656, "isBuyerMaker": false, "isBestMatch": true}, {"id": 104518056, "price": "58.13000000", "qty": "0.49300000", "quoteQty": "28.65809000", "time": 1692849416656, "isBuyerMaker": false, "isBestMatch": true}, {"id": 104518057, "price": "58.13000000", "qty": "0.06500000", "quoteQty": "3.77845000", "time": 1692849416657, "isBuyerMaker": false, "isBestMatch": true}, {"id": 104518058, "price": "58.14000000", "qty": "1.03500000", "quoteQty": "60.17490000", "time": 1692849416660, "isBuyerMaker": false, "isBestMatch": true}, {"id": 104518059, "price": "58.14000000", "qty": "0.55000000", "quoteQty": "31.97700000", "time": 1692849416660, "isBuyerMaker": false, "isBestMatch": true}, {"id": 104518060, "price": "58.16000000", "qty": "1.10900000", "quoteQty": "64.49944000", "time": 1692849417425, "isBuyerMaker": true, "isBestMatch": true}, {"id": 104518061, "price": "58.16000000", "qty": "0.38800000", "quoteQty": "22.56608000", "time": 1692849417515, "isBuyerMaker": true, "isBestMatch": true}, {"id": 104518062, "price": "58.16000000", "qty": "1.10800000", "quoteQty": "64.44128000", "time": 1692849417515, "isBuyerMaker": true, "isBestMatch": true}, {"id": 104518063, "price": "58.16000000", "qty": "0.38800000", "quoteQty": "22.56608000", "time": 1692849417577, "isBuyerMaker": true, "isBestMatch": true}, {"id": 104518064, "price": "58.16000000", "qty": "0.38800000", "quoteQty": "22.56608000", "time": 1692849417676, "isBuyerMaker": true, "isBestMatch": true}, {"id": 104518065, "price": "58.16000000", "qty": "0.38800000", "quoteQty": "22.56608000", "time": 1692849418080, "isBuyerMaker": true, "isBestMatch": true}, {"id": 104518066, "price": "58.16000000", "qty": "0.38800000", "quoteQty": "22.56608000", "time": 1692849418080, "isBuyerMaker": true, "isBestMatch": true}, {"id": 104518067, "price": "58.16000000", "qty": "0.10000000", "quoteQty": "5.81600000", "time": 1692849418080, "isBuyerMaker": true, "isBestMatch": true}, {"id": 104518068, "price": "58.15000000", "qty": "1.10900000", "quoteQty": "64.48835000", "time": 1692849418080, "isBuyerMaker": true, "isBestMatch": true}, {"id": 104518069, "price": "58.15000000", "qty": "3.23600000", "quoteQty": "188.17340000", "time": 1692849418080, "isBuyerMaker": true, "isBestMatch": true}, {"id": 104518070, "price": "58.14000000", "qty": "0.36100000", "quoteQty": "20.98854000", "time": 1692849421371, "isBuyerMaker": true, "isBestMatch": true}, {"id": 104518071, "price": "58.14000000", "qty": "0.36100000", "quoteQty": "20.98854000", "time": 1692849421378, "isBuyerMaker": true, "isBestMatch": true}, {"id": 104518072, "price": "58.14000000", "qty": "0.36100000", "quoteQty": "20.98854000", "time": 1692849421479, "isBuyerMaker": true, "isBestMatch": true}, {"id": 104518073, "price": "58.14000000", "qty": "0.36100000", "quoteQty": "20.98854000", "time": 1692849421578, "isBuyerMaker": true, "isBestMatch": true}, {"id": 104518074, "price": "58.14000000", "qty": "0.36100000", "quoteQty": "20.98854000", "time": 1692849421580, "isBuyerMaker": true, "isBestMatch": true}, {"id": 104518075, "price": "58.14000000", "qty": "0.36100000", "quoteQty": "20.98854000", "time": 1692849421780, "isBuyerMaker": true, "isBestMatch": true}, {"id": 104518076, "price": "58.14000000", "qty": "0.30400000", "quoteQty": "17.67456000", "time": 1692849421875, "isBuyerMaker": true, "isBestMatch": true}, {"id": 104518077, "price": "58.12000000", "qty": "26.76900000", "quoteQty": "1555.81428000", "time": 1692849422409, "isBuyerMaker": true, "isBestMatch": true}, {"id": 104518078, "price": "58.12000000", "qty": "1.80200000", "quoteQty": "104.73224000", "time": 1692849422410, "isBuyerMaker": true, "isBestMatch": true}, {"id": 104518079, "price": "58.12000000", "qty": "1.42900000", "quoteQty": "83.05348000", "time": 1692849422412, "isBuyerMaker": true, "isBestMatch": true}, {"id": 104518080, "price": "58.11000000", "qty": "0.20100000", "quoteQty": "11.68011000", "time": 1692849422425, "isBuyerMaker": true, "isBestMatch": true}, {"id": 104518081, "price": "58.10000000", "qty": "1.24100000", "quoteQty": "72.10210000", "time": 1692849422460, "isBuyerMaker": true, "isBestMatch": true}, {"id": 104518082, "price": "58.10000000", "qty": "0.20800000", "quoteQty": "12.08480000", "time": 1692849422460, "isBuyerMaker": true, "isBestMatch": true}, {"id": 104518083, "price": "58.10000000", "qty": "0.27100000", "quoteQty": "15.74510000", "time": 1692849422460, "isBuyerMaker": true, "isBestMatch": true}, {"id": 104518084, "price": "58.10000000", "qty": "1.10800000", "quoteQty": "64.37480000", "time": 1692849430497, "isBuyerMaker": false, "isBestMatch": true}, {"id": 104518085, "price": "58.10000000", "qty": "1.51700000", "quoteQty": "88.13770000", "time": 1692849430497, "isBuyerMaker": false, "isBestMatch": true}, {"id": 104518086, "price": "58.12000000", "qty": "0.26800000", "quoteQty": "15.57616000", "time": 1692849435269, "isBuyerMaker": true, "isBestMatch": true}, {"id": 104518087, "price": "58.12000000", "qty": "0.25900000", "quoteQty": "15.05308000", "time": 1692849436776, "isBuyerMaker": true, "isBestMatch": true}, {"id": 104518088, "price": "58.12000000", "qty": "0.00900000", "quoteQty": "0.52308000", "time": 1692849457095, "isBuyerMaker": true, "isBestMatch": true}, {"id": 104518089, "price": "58.12000000", "qty": "25.63600000", "quoteQty": "1489.96432000", "time": 1692849457095, "isBuyerMaker": true, "isBestMatch": true}, {"id": 104518090, "price": "58.12000000", "qty": "4.36400000", "quoteQty": "253.63568000", "time": 1692849457170, "isBuyerMaker": true, "isBestMatch": true}, {"id": 104518091, "price": "58.11000000", "qty": "1.11000000", "quoteQty": "64.50210000", "time": 1692849457194, "isBuyerMaker": true, "isBestMatch": true}, {"id": 104518092, "price": "58.09000000", "qty": "0.20800000", "quoteQty": "12.08272000", "time": 1692849461538, "isBuyerMaker": true, "isBestMatch": true}, {"id": 104518093, "price": "58.09000000", "qty": "0.28700000", "quoteQty": "16.67183000", "time": 1692849461538, "isBuyerMaker": true, "isBestMatch": true}, {"id": 104518094, "price": "58.09000000", "qty": "6.78500000", "quoteQty": "394.14065000", "time": 1692849461538, "isBuyerMaker": true, "isBestMatch": true}, {"id": 104518095, "price": "58.08000000", "qty": "0.55000000", "quoteQty": "31.94400000", "time": 1692849461604, "isBuyerMaker": true, "isBestMatch": true}, {"id": 104518096, "price": "58.07000000", "qty": "0.56300000", "quoteQty": "32.69341000", "time": 1692849461604, "isBuyerMaker": true, "isBestMatch": true}, {"id": 104518097, "price": "58.06000000", "qty": "1.19400000", "quoteQty": "69.32364000", "time": 1692849461604, "isBuyerMaker": true, "isBestMatch": true}, {"id": 104518098, "price": "58.06000000", "qty": "2.18800000", "quoteQty": "127.03528000", "time": 1692849461604, "isBuyerMaker": true, "isBestMatch": true}, {"id": 104518099, "price": "58.06000000", "qty": "2.39000000", "quoteQty": "138.76340000", "time": 1692849461613, "isBuyerMaker": true, "isBestMatch": true}, {"id": 104518100, "price": "58.06000000", "qty": "2.36400000", "quoteQty": "137.25384000", "time": 1692849461641, "isBuyerMaker": true, "isBestMatch": true}, {"id": 104518101, "price": "58.06000000", "qty": "1.10900000", "quoteQty": "64.38854000", "time": 1692849472836, "isBuyerMaker": false, "isBestMatch": true}, {"id": 104518102, "price": "58.06000000", "qty": "2.19100000", "quoteQty": "127.20946000", "time": 1692849472836, "isBuyerMaker": false, "isBestMatch": true}, {"id": 104518103, "price": "58.06000000", "qty": "6.64300000", "quoteQty": "385.69258000", "time": 1692849472836, "isBuyerMaker": false, "isBestMatch": true}, {"id": 104518104, "price": "58.07000000", "qty": "1.10900000", "quoteQty": "64.39963000", "time": 1692849472836, "isBuyerMaker": false, "isBestMatch": true}, {"id": 104518105, "price": "58.08000000", "qty": "0.73400000", "quoteQty": "42.63072000", "time": 1692849472836, "isBuyerMaker": false, "isBestMatch": true}, {"id": 104518106, "price": "58.08000000", "qty": "0.37500000", "quoteQty": "21.78000000", "time": 1692849478131, "isBuyerMaker": false, "isBestMatch": true}, {"id": 104518107, "price": "58.09000000", "qty": "0.73400000", "quoteQty": "42.63806000", "time": 1692849482277, "isBuyerMaker": true, "isBestMatch": true}, {"id": 104518108, "price": "58.09000000", "qty": "0.37600000", "quoteQty": "21.84184000", "time": 1692849482281, "isBuyerMaker": true, "isBestMatch": true}, {"id": 104518109, "price": "58.09000000", "qty": "0.37500000", "quoteQty": "21.78375000", "time": 1692849482281, "isBuyerMaker": true, "isBestMatch": true}, {"id": 104518110, "price": "58.09000000", "qty": "0.30800000", "quoteQty": "17.89172000", "time": 1692849482289, "isBuyerMaker": true, "isBestMatch": true}, {"id": 104518111, "price": "58.07000000", "qty": "0.23700000", "quoteQty": "13.76259000", "time": 1692849511227, "isBuyerMaker": true, "isBestMatch": true}, {"id": 104518112, "price": "58.07000000", "qty": "1.10800000", "quoteQty": "64.34156000", "time": 1692849511227, "isBuyerMaker": true, "isBestMatch": true}, {"id": 104518113, "price": "58.07000000", "qty": "0.23700000", "quoteQty": "13.76259000", "time": 1692849536940, "isBuyerMaker": true, "isBestMatch": true}, {"id": 104518114, "price": "58.07000000", "qty": "0.12500000", "quoteQty": "7.25875000", "time": 1692849536940, "isBuyerMaker": true, "isBestMatch": true}, {"id": 104518115, "price": "58.07000000", "qty": "2.68500000", "quoteQty": "155.91795000", "time": 1692849549027, "isBuyerMaker": true, "isBestMatch": true}, {"id": 104518116, "price": "58.07000000", "qty": "12.91300000", "quoteQty": "749.85791000", "time": 1692849549031, "isBuyerMaker": true, "isBestMatch": true}, {"id": 104518117, "price": "58.07000000", "qty": "1.49700000", "quoteQty": "86.93079000", "time": 1692849549035, "isBuyerMaker": true, "isBestMatch": true}, {"id": 104518118, "price": "58.07000000", "qty": "0.23700000", "quoteQty": "13.76259000", "time": 1692849549035, "isBuyerMaker": true, "isBestMatch": true}, {"id": 104518119, "price": "58.07000000", "qty": "0.23700000", "quoteQty": "13.76259000", "time": 1692849549035, "isBuyerMaker": true, "isBestMatch": true}, {"id": 104518120, "price": "58.07000000", "qty": "0.23700000", "quoteQty": "13.76259000", "time": 1692849549035, "isBuyerMaker": true, "isBestMatch": true}, {"id": 104518121, "price": "58.07000000", "qty": "0.23700000", "quoteQty": "13.76259000", "time": 1692849549035, "isBuyerMaker": true, "isBestMatch": true}, {"id": 104518122, "price": "58.07000000", "qty": "0.23700000", "quoteQty": "13.76259000", "time": 1692849549035, "isBuyerMaker": true, "isBestMatch": true}, {"id": 104518123, "price": "58.07000000", "qty": "0.23700000", "quoteQty": "13.76259000", "time": 1692849549035, "isBuyerMaker": true, "isBestMatch": true}, {"id": 104518124, "price": "58.07000000", "qty": "0.03000000", "quoteQty": "1.74210000", "time": 1692849549035, "isBuyerMaker": true, "isBestMatch": true}, {"id": 104518125, "price": "58.06000000", "qty": "1.11000000", "quoteQty": "64.44660000", "time": 1692849549104, "isBuyerMaker": true, "isBestMatch": true}, {"id": 104518126, "price": "58.06000000", "qty": "0.33600000", "quoteQty": "19.50816000", "time": 1692849549104, "isBuyerMaker": true, "isBestMatch": true}, {"id": 104518127, "price": "58.06000000", "qty": "0.33600000", "quoteQty": "19.50816000", "time": 1692849549113, "isBuyerMaker": true, "isBestMatch": true}, {"id": 104518128, "price": "58.06000000", "qty": "0.33600000", "quoteQty": "19.50816000", "time": 1692849549113, "isBuyerMaker": true, "isBestMatch": true}, {"id": 104518129, "price": "58.06000000", "qty": "0.33600000", "quoteQty": "19.50816000", "time": 1692849549113, "isBuyerMaker": true, "isBestMatch": true}, {"id": 104518130, "price": "58.06000000", "qty": "0.33600000", "quoteQty": "19.50816000", "time": 1692849549113, "isBuyerMaker": true, "isBestMatch": true}, {"id": 104518131, "price": "58.06000000", "qty": "0.33600000", "quoteQty": "19.50816000", "time": 1692849549113, "isBuyerMaker": true, "isBestMatch": true}, {"id": 104518132, "price": "58.06000000", "qty": "0.33600000", "quoteQty": "19.50816000", "time": 1692849549113, "isBuyerMaker": true, "isBestMatch": true}, {"id": 104518133, "price": "58.06000000", "qty": "0.27100000", "quoteQty": "15.73426000", "time": 1692849549113, "isBuyerMaker": true, "isBestMatch": true}, {"id": 104518134, "price": "58.05000000", "qty": "3.98600000", "quoteQty": "231.38730000", "time": 1692849549113, "isBuyerMaker": true, "isBestMatch": true}, {"id": 104518135, "price": "58.05000000", "qty": "7.02600000", "quoteQty": "407.85930000", "time": 1692849549114, "isBuyerMaker": true, "isBestMatch": true}, {"id": 104518136, "price": "58.05000000", "qty": "0.45000000", "quoteQty": "26.12250000", "time": 1692849549114, "isBuyerMaker": true, "isBestMatch": true}, {"id": 104518137, "price": "58.05000000", "qty": "1.11000000", "quoteQty": "64.43550000", "time": 1692849549139, "isBuyerMaker": false, "isBestMatch": true}, {"id": 104518138, "price": "58.05000000", "qty": "7.72200000", "quoteQty": "448.26210000", "time": 1692849549165, "isBuyerMaker": false, "isBestMatch": true}, {"id": 104518139, "price": "58.04000000", "qty": "0.50000000", "quoteQty": "29.02000000", "time": 1692849549167, "isBuyerMaker": true, "isBestMatch": true}, {"id": 104518140, "price": "58.04000000", "qty": "0.19200000", "quoteQty": "11.14368000", "time": 1692849549167, "isBuyerMaker": true, "isBestMatch": true}, {"id": 104518141, "price": "58.04000000", "qty": "0.29000000", "quoteQty": "16.83160000", "time": 1692849549167, "isBuyerMaker": true, "isBestMatch": true}, {"id": 104518142, "price": "58.04000000", "qty": "0.29000000", "quoteQty": "16.83160000", "time": 1692849549167, "isBuyerMaker": true, "isBestMatch": true}, {"id": 104518143, "price": "58.04000000", "qty": "0.29000000", "quoteQty": "16.83160000", "time": 1692849549167, "isBuyerMaker": true, "isBestMatch": true}, {"id": 104518144, "price": "58.04000000", "qty": "0.29000000", "quoteQty": "16.83160000", "time": 1692849549167, "isBuyerMaker": true, "isBestMatch": true}, {"id": 104518145, "price": "58.04000000", "qty": "0.29000000", "quoteQty": "16.83160000", "time": 1692849549167, "isBuyerMaker": true, "isBestMatch": true}, {"id": 104518146, "price": "58.04000000", "qty": "0.29000000", "quoteQty": "16.83160000", "time": 1692849549167, "isBuyerMaker": true, "isBestMatch": true}, {"id": 104518147, "price": "58.04000000", "qty": "0.29000000", "quoteQty": "16.83160000", "time": 1692849549167, "isBuyerMaker": true, "isBestMatch": true}, {"id": 104518148, "price": "58.04000000", "qty": "0.29000000", "quoteQty": "16.83160000", "time": 1692849549167, "isBuyerMaker": true, "isBestMatch": true}, {"id": 104518149, "price": "58.04000000", "qty": "0.01800000", "quoteQty": "1.04472000", "time": 1692849549167, "isBuyerMaker": true, "isBestMatch": true}, {"id": 104518150, "price": "58.03000000", "qty": "2.24900000", "quoteQty": "130.50947000", "time": 1692849549167, "isBuyerMaker": true, "isBestMatch": true}, {"id": 104518151, "price": "58.04000000", "qty": "0.70800000", "quoteQty": "41.09232000", "time": 1692849549189, "isBuyerMaker": false, "isBestMatch": true}, {"id": 104518152, "price": "58.04000000", "qty": "0.40200000", "quoteQty": "23.33208000", "time": 1692849549247, "isBuyerMaker": false, "isBestMatch": true}, {"id": 104518153, "price": "58.04000000", "qty": "0.70800000", "quoteQty": "41.09232000", "time": 1692849549247, "isBuyerMaker": false, "isBestMatch": true}, {"id": 104518154, "price": "58.04000000", "qty": "0.40300000", "quoteQty": "23.39012000", "time": 1692849549311, "isBuyerMaker": false, "isBestMatch": true}, {"id": 104518155, "price": "58.04000000", "qty": "0.67800000", "quoteQty": "39.35112000", "time": 1692849549311, "isBuyerMaker": false, "isBestMatch": true}, {"id": 104518156, "price": "58.05000000", "qty": "0.54300000", "quoteQty": "31.52115000", "time": 1692849549387, "isBuyerMaker": false, "isBestMatch": true}, {"id": 104518157, "price": "58.05000000", "qty": "0.56700000", "quoteQty": "32.91435000", "time": 1692849549387, "isBuyerMaker": false, "isBestMatch": true}, {"id": 104518158, "price": "58.06000000", "qty": "0.82500000", "quoteQty": "47.89950000", "time": 1692849549392, "isBuyerMaker": false, "isBestMatch": true}, {"id": 104518159, "price": "58.06000000", "qty": "0.20500000", "quoteQty": "11.90230000", "time": 1692849549395, "isBuyerMaker": false, "isBestMatch": true}, {"id": 104518160, "price": "58.06000000", "qty": "0.37500000", "quoteQty": "21.77250000", "time": 1692849570607, "isBuyerMaker": true, "isBestMatch": true}, {"id": 104518161, "price": "58.06000000", "qty": "1.11100000", "quoteQty": "64.50466000", "time": 1692849570607, "isBuyerMaker": true, "isBestMatch": true}, {"id": 104518162, "price": "58.06000000", "qty": "0.37500000", "quoteQty": "21.77250000", "time": 1692849570718, "isBuyerMaker": true, "isBestMatch": true}, {"id": 104518163, "price": "58.06000000", "qty": "1.11000000", "quoteQty": "64.44660000", "time": 1692849570718, "isBuyerMaker": true, "isBestMatch": true}, {"id": 104518164, "price": "58.06000000", "qty": "0.51700000", "quoteQty": "30.01702000", "time": 1692849581980, "isBuyerMaker": false, "isBestMatch": true}, {"id": 104518165, "price": "58.05000000", "qty": "0.24700000", "quoteQty": "14.33835000", "time": 1692849600965, "isBuyerMaker": true, "isBestMatch": true}, {"id": 104518166, "price": "58.05000000", "qty": "0.24700000", "quoteQty": "14.33835000", "time": 1692849600965, "isBuyerMaker": true, "isBestMatch": true}, {"id": 104518167, "price": "58.05000000", "qty": "0.24700000", "quoteQty": "14.33835000", "time": 1692849600965, "isBuyerMaker": true, "isBestMatch": true}, {"id": 104518168, "price": "58.05000000", "qty": "0.24700000", "quoteQty": "14.33835000", "time": 1692849600965, "isBuyerMaker": true, "isBestMatch": true}, {"id": 104518169, "price": "58.05000000", "qty": "0.24700000", "quoteQty": "14.33835000", "time": 1692849600965, "isBuyerMaker": true, "isBestMatch": true}, {"id": 104518170, "price": "58.05000000", "qty": "0.12300000", "quoteQty": "7.14015000", "time": 1692849600965, "isBuyerMaker": true, "isBestMatch": true}, {"id": 104518171, "price": "58.05000000", "qty": "0.12400000", "quoteQty": "7.19820000", "time": 1692849600970, "isBuyerMaker": true, "isBestMatch": true}, {"id": 104518172, "price": "58.05000000", "qty": "0.24700000", "quoteQty": "14.33835000", "time": 1692849600970, "isBuyerMaker": true, "isBestMatch": true}, {"id": 104518173, "price": "58.05000000", "qty": "0.09900000", "quoteQty": "5.74695000", "time": 1692849600970, "isBuyerMaker": true, "isBestMatch": true}, {"id": 104518174, "price": "58.04000000", "qty": "0.45000000", "quoteQty": "26.11800000", "time": 1692849601076, "isBuyerMaker": true, "isBestMatch": true}, {"id": 104518175, "price": "58.04000000", "qty": "0.43200000", "quoteQty": "25.07328000", "time": 1692849601083, "isBuyerMaker": true, "isBestMatch": true}, {"id": 104518176, "price": "58.04000000", "qty": "0.01800000", "quoteQty": "1.04472000", "time": 1692849601083, "isBuyerMaker": true, "isBestMatch": true}, {"id": 104518177, "price": "58.04000000", "qty": "0.41400000", "quoteQty": "24.02856000", "time": 1692849601084, "isBuyerMaker": true, "isBestMatch": true}, {"id": 104518178, "price": "58.04000000", "qty": "0.03600000", "quoteQty": "2.08944000", "time": 1692849601084, "isBuyerMaker": true, "isBestMatch": true}, {"id": 104518179, "price": "58.04000000", "qty": "0.39600000", "quoteQty": "22.98384000", "time": 1692849601084, "isBuyerMaker": true, "isBestMatch": true}, {"id": 104518180, "price": "58.04000000", "qty": "0.05400000", "quoteQty": "3.13416000", "time": 1692849601084, "isBuyerMaker": true, "isBestMatch": true}, {"id": 104518181, "price": "58.04000000", "qty": "0.37800000", "quoteQty": "21.93912000", "time": 1692849601085, "isBuyerMaker": true, "isBestMatch": true}, {"id": 104518182, "price": "58.04000000", "qty": "0.07200000", "quoteQty": "4.17888000", "time": 1692849601085, "isBuyerMaker": true, "isBestMatch": true}, {"id": 104518183, "price": "58.04000000", "qty": "0.36000000", "quoteQty": "20.89440000", "time": 1692849601087, "isBuyerMaker": true, "isBestMatch": true}, {"id": 104518184, "price": "58.04000000", "qty": "0.09000000", "quoteQty": "5.22360000", "time": 1692849601087, "isBuyerMaker": true, "isBestMatch": true}, {"id": 104518185, "price": "58.03000000", "qty": "0.28700000", "quoteQty": "16.65461000", "time": 1692849601118, "isBuyerMaker": true, "isBestMatch": true}, {"id": 104518186, "price": "58.03000000", "qty": "0.23100000", "quoteQty": "13.40493000", "time": 1692849601118, "isBuyerMaker": true, "isBestMatch": true}, {"id": 104518187, "price": "58.03000000", "qty": "0.23100000", "quoteQty": "13.40493000", "time": 1692849601118, "isBuyerMaker": true, "isBestMatch": true}, {"id": 104518188, "price": "58.03000000", "qty": "0.23100000", "quoteQty": "13.40493000", "time": 1692849601118, "isBuyerMaker": true, "isBestMatch": true}, {"id": 104518189, "price": "58.03000000", "qty": "0.23100000", "quoteQty": "13.40493000", "time": 1692849601118, "isBuyerMaker": true, "isBestMatch": true}, {"id": 104518190, "price": "58.03000000", "qty": "0.23100000", "quoteQty": "13.40493000", "time": 1692849601118, "isBuyerMaker": true, "isBestMatch": true}, {"id": 104518191, "price": "58.03000000", "qty": "0.23100000", "quoteQty": "13.40493000", "time": 1692849601118, "isBuyerMaker": true, "isBestMatch": true}, {"id": 104518192, "price": "58.03000000", "qty": "0.05000000", "quoteQty": "2.90150000", "time": 1692849601118, "isBuyerMaker": true, "isBestMatch": true}, {"id": 104518193, "price": "58.02000000", "qty": "0.42500000", "quoteQty": "24.65850000", "time": 1692849601576, "isBuyerMaker": true, "isBestMatch": true}, {"id": 104518194, "price": "58.02000000", "qty": "2.00000000", "quoteQty": "116.04000000", "time": 1692849602157, "isBuyerMaker": true, "isBestMatch": true}, {"id": 104518195, "price": "58.02000000", "qty": "1.83700000", "quoteQty": "106.58274000", "time": 1692849602347, "isBuyerMaker": true, "isBestMatch": true}, {"id": 104518196, "price": "58.02000000", "qty": "0.42200000", "quoteQty": "24.48444000", "time": 1692849602347, "isBuyerMaker": true, "isBestMatch": true}, {"id": 104518197, "price": "58.02000000", "qty": "0.28700000", "quoteQty": "16.65174000", "time": 1692849602347, "isBuyerMaker": true, "isBestMatch": true}, {"id": 104518198, "price": "58.02000000", "qty": "0.42200000", "quoteQty": "24.48444000", "time": 1692849602347, "isBuyerMaker": true, "isBestMatch": true}, {"id": 104518199, "price": "58.02000000", "qty": "0.42200000", "quoteQty": "24.48444000", "time": 1692849602347, "isBuyerMaker": true, "isBestMatch": true}, {"id": 104518200, "price": "58.02000000", "qty": "0.42200000", "quoteQty": "24.48444000", "time": 1692849602347, "isBuyerMaker": true, "isBestMatch": true}, {"id": 104518201, "price": "58.02000000", "qty": "0.39100000", "quoteQty": "22.68582000", "time": 1692849602347, "isBuyerMaker": true, "isBestMatch": true}, {"id": 104518202, "price": "58.01000000", "qty": "1.11100000", "quoteQty": "64.44911000", "time": 1692849603287, "isBuyerMaker": true, "isBestMatch": true}, {"id": 104518203, "price": "58.01000000", "qty": "0.88900000", "quoteQty": "51.57089000", "time": 1692849603287, "isBuyerMaker": true, "isBestMatch": true}, {"id": 104518204, "price": "58.02000000", "qty": "0.50600000", "quoteQty": "29.35812000", "time": 1692849603825, "isBuyerMaker": false, "isBestMatch": true}, {"id": 104518205, "price": "58.02000000", "qty": "0.39600000", "quoteQty": "22.97592000", "time": 1692849603825, "isBuyerMaker": false, "isBestMatch": true}, {"id": 104518206, "price": "58.02000000", "qty": "0.60500000", "quoteQty": "35.10210000", "time": 1692849603825, "isBuyerMaker": false, "isBestMatch": true}, {"id": 104518207, "price": "58.02000000", "qty": "1.54600000", "quoteQty": "89.69892000", "time": 1692849607425, "isBuyerMaker": true, "isBestMatch": true}, {"id": 104518208, "price": "58.02000000", "qty": "2.00000000", "quoteQty": "116.04000000", "time": 1692849613093, "isBuyerMaker": true, "isBestMatch": true}, {"id": 104518209, "price": "58.02000000", "qty": "0.34700000", "quoteQty": "20.13294000", "time": 1692849613108, "isBuyerMaker": true, "isBestMatch": true}, {"id": 104518210, "price": "58.02000000", "qty": "0.33100000", "quoteQty": "19.20462000", "time": 1692849613108, "isBuyerMaker": true, "isBestMatch": true}, {"id": 104518211, "price": "58.02000000", "qty": "2.58500000", "quoteQty": "149.98170000", "time": 1692849613108, "isBuyerMaker": true, "isBestMatch": true}, {"id": 104518212, "price": "58.02000000", "qty": "0.33100000", "quoteQty": "19.20462000", "time": 1692849613108, "isBuyerMaker": true, "isBestMatch": true}, {"id": 104518213, "price": "58.02000000", "qty": "0.33100000", "quoteQty": "19.20462000", "time": 1692849613108, "isBuyerMaker": true, "isBestMatch": true}, {"id": 104518214, "price": "58.02000000", "qty": "0.33100000", "quoteQty": "19.20462000", "time": 1692849613108, "isBuyerMaker": true, "isBestMatch": true}, {"id": 104518215, "price": "58.02000000", "qty": "0.33100000", "quoteQty": "19.20462000", "time": 1692849613108, "isBuyerMaker": true, "isBestMatch": true}, {"id": 104518216, "price": "58.02000000", "qty": "0.29200000", "quoteQty": "16.94184000", "time": 1692849613108, "isBuyerMaker": true, "isBestMatch": true}, {"id": 104518217, "price": "58.02000000", "qty": "0.50600000", "quoteQty": "29.35812000", "time": 1692849613187, "isBuyerMaker": false, "isBestMatch": true}, {"id": 104518218, "price": "58.02000000", "qty": "19.48300000", "quoteQty": "1130.40366000", "time": 1692849613187, "isBuyerMaker": false, "isBestMatch": true}, {"id": 104518219, "price": "58.02000000", "qty": "0.20200000", "quoteQty": "11.72004000", "time": 1692849613195, "isBuyerMaker": false, "isBestMatch": true}, {"id": 104518220, "price": "58.02000000", "qty": "7.70400000", "quoteQty": "446.98608000", "time": 1692849613195, "isBuyerMaker": false, "isBestMatch": true}, {"id": 104518221, "price": "58.02000000", "qty": "0.64700000", "quoteQty": "37.53894000", "time": 1692849613195, "isBuyerMaker": false, "isBestMatch": true}, {"id": 104518222, "price": "58.01000000", "qty": "0.28700000", "quoteQty": "16.64887000", "time": 1692849613389, "isBuyerMaker": true, "isBestMatch": true}, {"id": 104518223, "price": "58.01000000", "qty": "0.29800000", "quoteQty": "17.28698000", "time": 1692849613389, "isBuyerMaker": true, "isBestMatch": true}, {"id": 104518224, "price": "58.01000000", "qty": "1.41500000", "quoteQty": "82.08415000", "time": 1692849613389, "isBuyerMaker": true, "isBestMatch": true}, {"id": 104518225, "price": "58.01000000", "qty": "1.00000000", "quoteQty": "58.01000000", "time": 1692849613449, "isBuyerMaker": true, "isBestMatch": true}, {"id": 104518226, "price": "58.01000000", "qty": "0.17000000", "quoteQty": "9.86170000", "time": 1692849613611, "isBuyerMaker": true, "isBestMatch": true}, {"id": 104518227, "price": "58.01000000", "qty": "0.09200000", "quoteQty": "5.33692000", "time": 1692849613611, "isBuyerMaker": true, "isBestMatch": true}, {"id": 104518228, "price": "58.02000000", "qty": "0.18900000", "quoteQty": "10.96578000", "time": 1692849617612, "isBuyerMaker": true, "isBestMatch": true}, {"id": 104518229, "price": "58.02000000", "qty": "0.32700000", "quoteQty": "18.97254000", "time": 1692849622965, "isBuyerMaker": true, "isBestMatch": true}, {"id": 104518230, "price": "58.02000000", "qty": "0.37300000", "quoteQty": "21.64146000", "time": 1692849622965, "isBuyerMaker": true, "isBestMatch": true}, {"id": 104518231, "price": "58.02000000", "qty": "0.32700000", "quoteQty": "18.97254000", "time": 1692849622966, "isBuyerMaker": true, "isBestMatch": true}, {"id": 104518232, "price": "58.02000000", "qty": "0.32700000", "quoteQty": "18.97254000", "time": 1692849622966, "isBuyerMaker": true, "isBestMatch": true}, {"id": 104518233, "price": "58.02000000", "qty": "0.32700000", "quoteQty": "18.97254000", "time": 1692849622966, "isBuyerMaker": true, "isBestMatch": true}, {"id": 104518234, "price": "58.02000000", "qty": "0.32700000", "quoteQty": "18.97254000", "time": 1692849622966, "isBuyerMaker": true, "isBestMatch": true}, {"id": 104518235, "price": "58.02000000", "qty": "0.32700000", "quoteQty": "18.97254000", "time": 1692849622966, "isBuyerMaker": true, "isBestMatch": true}, {"id": 104518236, "price": "58.02000000", "qty": "0.32700000", "quoteQty": "18.97254000", "time": 1692849622966, "isBuyerMaker": true, "isBestMatch": true}, {"id": 104518237, "price": "58.02000000", "qty": "0.28000000", "quoteQty": "16.24560000", "time": 1692849622966, "isBuyerMaker": true, "isBestMatch": true}, {"id": 104518238, "price": "58.00000000", "qty": "0.20000000", "quoteQty": "11.60000000", "time": 1692849622969, "isBuyerMaker": true, "isBestMatch": true}, {"id": 104518239, "price": "58.00000000", "qty": "0.20000000", "quoteQty": "11.60000000", "time": 1692849622970, "isBuyerMaker": true, "isBestMatch": true}, {"id": 104518240, "price": "58.00000000", "qty": "4.23900000", "quoteQty": "245.86200000", "time": 1692849622973, "isBuyerMaker": true, "isBestMatch": true}, {"id": 104518241, "price": "58.00000000", "qty": "0.32700000", "quoteQty": "18.96600000", "time": 1692849623016, "isBuyerMaker": true, "isBestMatch": true}, {"id": 104518242, "price": "58.00000000", "qty": "0.96500000", "quoteQty": "55.97000000", "time": 1692849623046, "isBuyerMaker": true, "isBestMatch": true}, {"id": 104518243, "price": "58.00000000", "qty": "0.28700000", "quoteQty": "16.64600000", "time": 1692849623046, "isBuyerMaker": true, "isBestMatch": true}, {"id": 104518244, "price": "58.00000000", "qty": "0.36000000", "quoteQty": "20.88000000", "time": 1692849623046, "isBuyerMaker": true, "isBestMatch": true}, {"id": 104518245, "price": "58.00000000", "qty": "0.36000000", "quoteQty": "20.88000000", "time": 1692849623046, "isBuyerMaker": true, "isBestMatch": true}, {"id": 104518246, "price": "58.00000000", "qty": "0.36000000", "quoteQty": "20.88000000", "time": 1692849623046, "isBuyerMaker": true, "isBestMatch": true}, {"id": 104518247, "price": "58.00000000", "qty": "0.36000000", "quoteQty": "20.88000000", "time": 1692849623046, "isBuyerMaker": true, "isBestMatch": true}, {"id": 104518248, "price": "58.00000000", "qty": "0.36000000", "quoteQty": "20.88000000", "time": 1692849623046, "isBuyerMaker": true, "isBestMatch": true}, {"id": 104518249, "price": "58.00000000", "qty": "0.24400000", "quoteQty": "14.15200000", "time": 1692849623046, "isBuyerMaker": true, "isBestMatch": true}, {"id": 104518250, "price": "57.99000000", "qty": "1.02300000", "quoteQty": "59.32377000", "time": 1692849623046, "isBuyerMaker": true, "isBestMatch": true}, {"id": 104518251, "price": "57.99000000", "qty": "0.47400000", "quoteQty": "27.48726000", "time": 1692849623046, "isBuyerMaker": true, "isBestMatch": true}, {"id": 104518252, "price": "57.99000000", "qty": "0.50000000", "quoteQty": "28.99500000", "time": 1692849623046, "isBuyerMaker": true, "isBestMatch": true}, {"id": 104518253, "price": "57.99000000", "qty": "0.20800000", "quoteQty": "12.06192000", "time": 1692849623046, "isBuyerMaker": true, "isBestMatch": true}, {"id": 104518254, "price": "57.99000000", "qty": "1.29900000", "quoteQty": "75.32901000", "time": 1692849623046, "isBuyerMaker": true, "isBestMatch": true}, {"id": 104518255, "price": "57.99000000", "qty": "5.20000000", "quoteQty": "301.54800000", "time": 1692849623051, "isBuyerMaker": true, "isBestMatch": true}, {"id": 104518256, "price": "57.99000000", "qty": "12.53100000", "quoteQty": "726.67269000", "time": 1692849623052, "isBuyerMaker": true, "isBestMatch": true}, {"id": 104518257, "price": "57.98000000", "qty": "1.29900000", "quoteQty": "75.31602000", "time": 1692849623054, "isBuyerMaker": true, "isBestMatch": true}, {"id": 104518258, "price": "57.98000000", "qty": "0.55000000", "quoteQty": "31.88900000", "time": 1692849623054, "isBuyerMaker": true, "isBestMatch": true}, {"id": 104518259, "price": "57.98000000", "qty": "0.45000000", "quoteQty": "26.09100000", "time": 1692849623054, "isBuyerMaker": true, "isBestMatch": true}, {"id": 104518260, "price": "57.98000000", "qty": "0.50300000", "quoteQty": "29.16394000", "time": 1692849623054, "isBuyerMaker": true, "isBestMatch": true}, {"id": 104518261, "price": "57.97000000", "qty": "0.51300000", "quoteQty": "29.73861000", "time": 1692849623129, "isBuyerMaker": true, "isBestMatch": true}, {"id": 104518262, "price": "57.97000000", "qty": "0.42200000", "quoteQty": "24.46334000", "time": 1692849623129, "isBuyerMaker": true, "isBestMatch": true}, {"id": 104518263, "price": "57.97000000", "qty": "1.11100000", "quoteQty": "64.40467000", "time": 1692849623129, "isBuyerMaker": true, "isBestMatch": true}, {"id": 104518264, "price": "57.97000000", "qty": "0.42200000", "quoteQty": "24.46334000", "time": 1692849623129, "isBuyerMaker": true, "isBestMatch": true}, {"id": 104518265, "price": "57.97000000", "qty": "0.42200000", "quoteQty": "24.46334000", "time": 1692849623129, "isBuyerMaker": true, "isBestMatch": true}, {"id": 104518266, "price": "57.97000000", "qty": "0.42200000", "quoteQty": "24.46334000", "time": 1692849623129, "isBuyerMaker": true, "isBestMatch": true}, {"id": 104518267, "price": "57.97000000", "qty": "0.42200000", "quoteQty": "24.46334000", "time": 1692849623129, "isBuyerMaker": true, "isBestMatch": true}, {"id": 104518268, "price": "57.97000000", "qty": "0.42200000", "quoteQty": "24.46334000", "time": 1692849623129, "isBuyerMaker": true, "isBestMatch": true}, {"id": 104518269, "price": "57.97000000", "qty": "0.29900000", "quoteQty": "17.33303000", "time": 1692849623129, "isBuyerMaker": true, "isBestMatch": true}, {"id": 104518270, "price": "57.96000000", "qty": "1.10700000", "quoteQty": "64.16172000", "time": 1692849623129, "isBuyerMaker": true, "isBestMatch": true}, {"id": 104518271, "price": "57.96000000", "qty": "1.23800000", "quoteQty": "71.75448000", "time": 1692849623129, "isBuyerMaker": true, "isBestMatch": true}, {"id": 104518272, "price": "57.96000000", "qty": "0.87500000", "quoteQty": "50.71500000", "time": 1692849623129, "isBuyerMaker": true, "isBestMatch": true}, {"id": 104518273, "price": "57.97000000", "qty": "0.21300000", "quoteQty": "12.34761000", "time": 1692849623145, "isBuyerMaker": false, "isBestMatch": true}, {"id": 104518274, "price": "57.96000000", "qty": "3.06200000", "quoteQty": "177.47352000", "time": 1692849623179, "isBuyerMaker": true, "isBestMatch": true}, {"id": 104518275, "price": "57.96000000", "qty": "0.63800000", "quoteQty": "36.97848000", "time": 1692849623179, "isBuyerMaker": true, "isBestMatch": true}, {"id": 104518276, "price": "57.96000000", "qty": "0.30000000", "quoteQty": "17.38800000", "time": 1692849623183, "isBuyerMaker": true, "isBestMatch": true}, {"id": 104518277, "price": "57.97000000", "qty": "0.00300000", "quoteQty": "0.17391000", "time": 1692849625082, "isBuyerMaker": false, "isBestMatch": true}, {"id": 104518278, "price": "57.97000000", "qty": "0.89500000", "quoteQty": "51.88315000", "time": 1692849625082, "isBuyerMaker": false, "isBestMatch": true}, {"id": 104518279, "price": "57.97000000", "qty": "0.21600000", "quoteQty": "12.52152000", "time": 1692849625082, "isBuyerMaker": false, "isBestMatch": true}, {"id": 104518280, "price": "57.97000000", "qty": "3.47100000", "quoteQty": "201.21387000", "time": 1692849625082, "isBuyerMaker": false, "isBestMatch": true}, {"id": 104518281, "price": "57.97000000", "qty": "16.41500000", "quoteQty": "951.57755000", "time": 1692849625082, "isBuyerMaker": false, "isBestMatch": true}, {"id": 104518282, "price": "57.97000000", "qty": "1.41900000", "quoteQty": "82.25943000", "time": 1692849625088, "isBuyerMaker": false, "isBestMatch": true}, {"id": 104518283, "price": "57.97000000", "qty": "5.10800000", "quoteQty": "296.11076000", "time": 1692849625088, "isBuyerMaker": false, "isBestMatch": true}, {"id": 104518284, "price": "57.97000000", "qty": "3.50000000", "quoteQty": "202.89500000", "time": 1692849625088, "isBuyerMaker": false, "isBestMatch": true}, {"id": 104518285, "price": "57.97000000", "qty": "3.60000000", "quoteQty": "208.69200000", "time": 1692849625088, "isBuyerMaker": false, "isBestMatch": true}, {"id": 104518286, "price": "57.97000000", "qty": "3.89900000", "quoteQty": "226.02503000", "time": 1692849625088, "isBuyerMaker": false, "isBestMatch": true}, {"id": 104518287, "price": "57.97000000", "qty": "0.00100000", "quoteQty": "0.05797000", "time": 1692849625090, "isBuyerMaker": false, "isBestMatch": true}, {"id": 104518288, "price": "57.97000000", "qty": "1.03300000", "quoteQty": "59.88301000", "time": 1692849625090, "isBuyerMaker": false, "isBestMatch": true}, {"id": 104518289, "price": "57.97000000", "qty": "2.56700000", "quoteQty": "148.80899000", "time": 1692849625091, "isBuyerMaker": false, "isBestMatch": true}, {"id": 104518290, "price": "57.97000000", "qty": "3.90000000", "quoteQty": "226.08300000", "time": 1692849625091, "isBuyerMaker": false, "isBestMatch": true}, {"id": 104518291, "price": "57.97000000", "qty": "0.62200000", "quoteQty": "36.05734000", "time": 1692849625091, "isBuyerMaker": false, "isBestMatch": true}, {"id": 104518292, "price": "57.97000000", "qty": "2.97800000", "quoteQty": "172.63466000", "time": 1692849625092, "isBuyerMaker": false, "isBestMatch": true}, {"id": 104518293, "price": "57.97000000", "qty": "3.80000000", "quoteQty": "220.28600000", "time": 1692849625092, "isBuyerMaker": false, "isBestMatch": true}, {"id": 104518294, "price": "57.98000000", "qty": "0.21600000", "quoteQty": "12.52368000", "time": 1692849625103, "isBuyerMaker": false, "isBestMatch": true}, {"id": 104518295, "price": "57.98000000", "qty": "0.86500000", "quoteQty": "50.15270000", "time": 1692849625112, "isBuyerMaker": false, "isBestMatch": true}, {"id": 104518296, "price": "57.98000000", "qty": "3.90000000", "quoteQty": "226.12200000", "time": 1692849625139, "isBuyerMaker": false, "isBestMatch": true}, {"id": 104518297, "price": "57.98000000", "qty": "3.80000000", "quoteQty": "220.32400000", "time": 1692849625158, "isBuyerMaker": false, "isBestMatch": true}, {"id": 104518298, "price": "57.99000000", "qty": "0.21600000", "quoteQty": "12.52584000", "time": 1692849625165, "isBuyerMaker": false, "isBestMatch": true}, {"id": 104518299, "price": "57.99000000", "qty": "0.86800000", "quoteQty": "50.33532000", "time": 1692849625165, "isBuyerMaker": false, "isBestMatch": true}, {"id": 104518300, "price": "58.00000000", "qty": "2.35300000", "quoteQty": "136.47400000", "time": 1692849629254, "isBuyerMaker": false, "isBestMatch": true}, {"id": 104518301, "price": "58.00000000", "qty": "3.90000000", "quoteQty": "226.20000000", "time": 1692849629254, "isBuyerMaker": false, "isBestMatch": true}, {"id": 104518302, "price": "58.00000000", "qty": "1.41000000", "quoteQty": "81.78000000", "time": 1692849629254, "isBuyerMaker": false, "isBestMatch": true}, {"id": 104518303, "price": "58.00000000", "qty": "1.11200000", "quoteQty": "64.49600000", "time": 1692849632849, "isBuyerMaker": true, "isBestMatch": true}, {"id": 104518304, "price": "58.00000000", "qty": "0.47700000", "quoteQty": "27.66600000", "time": 1692849632849, "isBuyerMaker": true, "isBestMatch": true}, {"id": 104518305, "price": "58.00000000", "qty": "0.61400000", "quoteQty": "35.61200000", "time": 1692849632849, "isBuyerMaker": true, "isBestMatch": true}, {"id": 104518306, "price": "58.01000000", "qty": "0.20800000", "quoteQty": "12.06608000", "time": 1692849633211, "isBuyerMaker": false, "isBestMatch": true}, {"id": 104518307, "price": "58.01000000", "qty": "0.33000000", "quoteQty": "19.14330000", "time": 1692849633211, "isBuyerMaker": false, "isBestMatch": true}, {"id": 104518308, "price": "58.02000000", "qty": "1.11200000", "quoteQty": "64.51824000", "time": 1692849633220, "isBuyerMaker": true, "isBestMatch": true}, {"id": 104518309, "price": "58.02000000", "qty": "1.08400000", "quoteQty": "62.89368000", "time": 1692849636279, "isBuyerMaker": true, "isBestMatch": true}, {"id": 104518310, "price": "58.02000000", "qty": "0.32600000", "quoteQty": "18.91452000", "time": 1692849636279, "isBuyerMaker": true, "isBestMatch": true}, {"id": 104518311, "price": "58.02000000", "qty": "0.32600000", "quoteQty": "18.91452000", "time": 1692849636279, "isBuyerMaker": true, "isBestMatch": true}, {"id": 104518312, "price": "58.02000000", "qty": "0.32600000", "quoteQty": "18.91452000", "time": 1692849636279, "isBuyerMaker": true, "isBestMatch": true}, {"id": 104518313, "price": "58.02000000", "qty": "0.32600000", "quoteQty": "18.91452000", "time": 1692849636279, "isBuyerMaker": true, "isBestMatch": true}, {"id": 104518314, "price": "58.02000000", "qty": "0.32600000", "quoteQty": "18.91452000", "time": 1692849636279, "isBuyerMaker": true, "isBestMatch": true}, {"id": 104518315, "price": "58.02000000", "qty": "0.32600000", "quoteQty": "18.91452000", "time": 1692849636279, "isBuyerMaker": true, "isBestMatch": true}, {"id": 104518316, "price": "58.02000000", "qty": "0.32600000", "quoteQty": "18.91452000", "time": 1692849636279, "isBuyerMaker": true, "isBestMatch": true}, {"id": 104518317, "price": "58.02000000", "qty": "0.14400000", "quoteQty": "8.35488000", "time": 1692849636279, "isBuyerMaker": true, "isBestMatch": true}, {"id": 104518318, "price": "58.02000000", "qty": "6.32600000", "quoteQty": "367.03452000", "time": 1692849648872, "isBuyerMaker": false, "isBestMatch": true}, {"id": 104518319, "price": "58.03000000", "qty": "2.58400000", "quoteQty": "149.94952000", "time": 1692849648888, "isBuyerMaker": false, "isBestMatch": true}, {"id": 104518320, "price": "58.03000000", "qty": "2.35300000", "quoteQty": "136.54459000", "time": 1692849648888, "isBuyerMaker": false, "isBestMatch": true}, {"id": 104518321, "price": "58.03000000", "qty": "6.32900000", "quoteQty": "367.27187000", "time": 1692849648888, "isBuyerMaker": false, "isBestMatch": true}, {"id": 104518322, "price": "58.03000000", "qty": "1.44600000", "quoteQty": "83.91138000", "time": 1692849648892, "isBuyerMaker": false, "isBestMatch": true}, {"id": 104518323, "price": "58.03000000", "qty": "6.40800000", "quoteQty": "371.85624000", "time": 1692849648892, "isBuyerMaker": false, "isBestMatch": true}, {"id": 104518324, "price": "58.03000000", "qty": "0.20800000", "quoteQty": "12.07024000", "time": 1692849648897, "isBuyerMaker": false, "isBestMatch": true}, {"id": 104518325, "price": "58.03000000", "qty": "0.28700000", "quoteQty": "16.65461000", "time": 1692849648897, "isBuyerMaker": false, "isBestMatch": true}, {"id": 104518326, "price": "58.04000000", "qty": "0.18300000", "quoteQty": "10.62132000", "time": 1692849661261, "isBuyerMaker": false, "isBestMatch": true}, {"id": 104518327, "price": "58.04000000", "qty": "1.11100000", "quoteQty": "64.48244000", "time": 1692849661261, "isBuyerMaker": false, "isBestMatch": true}, {"id": 104518328, "price": "58.04000000", "qty": "8.17300000", "quoteQty": "474.36092000", "time": 1692849661261, "isBuyerMaker": false, "isBestMatch": true}, {"id": 104518329, "price": "58.04000000", "qty": "4.02500000", "quoteQty": "233.61100000", "time": 1692849661265, "isBuyerMaker": false, "isBestMatch": true}, {"id": 104518330, "price": "58.04000000", "qty": "1.11000000", "quoteQty": "64.42440000", "time": 1692849662209, "isBuyerMaker": true, "isBestMatch": true}, {"id": 104518331, "price": "58.04000000", "qty": "0.35900000", "quoteQty": "20.83636000", "time": 1692849662209, "isBuyerMaker": true, "isBestMatch": true}, {"id": 104518332, "price": "58.04000000", "qty": "0.35900000", "quoteQty": "20.83636000", "time": 1692849662211, "isBuyerMaker": true, "isBestMatch": true}, {"id": 104518333, "price": "58.04000000", "qty": "0.35900000", "quoteQty": "20.83636000", "time": 1692849662211, "isBuyerMaker": true, "isBestMatch": true}, {"id": 104518334, "price": "58.04000000", "qty": "0.35900000", "quoteQty": "20.83636000", "time": 1692849662211, "isBuyerMaker": true, "isBestMatch": true}, {"id": 104518335, "price": "58.04000000", "qty": "0.35900000", "quoteQty": "20.83636000", "time": 1692849662211, "isBuyerMaker": true, "isBestMatch": true}, {"id": 104518336, "price": "58.04000000", "qty": "0.03300000", "quoteQty": "1.91532000", "time": 1692849662211, "isBuyerMaker": true, "isBestMatch": true}, {"id": 104518337, "price": "58.02000000", "qty": "0.23900000", "quoteQty": "13.86678000", "time": 1692849662629, "isBuyerMaker": true, "isBestMatch": true}, {"id": 104518338, "price": "58.00000000", "qty": "1.21200000", "quoteQty": "70.29600000", "time": 1692849662646, "isBuyerMaker": true, "isBestMatch": true}, {"id": 104518339, "price": "57.99000000", "qty": "0.78800000", "quoteQty": "45.69612000", "time": 1692849662646, "isBuyerMaker": true, "isBestMatch": true}, {"id": 104518340, "price": "57.99000000", "qty": "0.32400000", "quoteQty": "18.78876000", "time": 1692849663692, "isBuyerMaker": true, "isBestMatch": true}, {"id": 104518341, "price": "57.99000000", "qty": "12.72400000", "quoteQty": "737.86476000", "time": 1692849663692, "isBuyerMaker": true, "isBestMatch": true}, {"id": 104518342, "price": "57.99000000", "qty": "3.96100000", "quoteQty": "229.69839000", "time": 1692849663692, "isBuyerMaker": true, "isBestMatch": true}, {"id": 104518343, "price": "57.99000000", "qty": "0.21800000", "quoteQty": "12.64182000", "time": 1692849670323, "isBuyerMaker": false, "isBestMatch": true}, {"id": 104518344, "price": "57.98000000", "qty": "0.33800000", "quoteQty": "19.59724000", "time": 1692849677189, "isBuyerMaker": true, "isBestMatch": true}, {"id": 104518345, "price": "57.98000000", "qty": "0.40900000", "quoteQty": "23.71382000", "time": 1692849677189, "isBuyerMaker": true, "isBestMatch": true}, {"id": 104518346, "price": "57.98000000", "qty": "0.40900000", "quoteQty": "23.71382000", "time": 1692849677189, "isBuyerMaker": true, "isBestMatch": true}, {"id": 104518347, "price": "57.98000000", "qty": "0.40900000", "quoteQty": "23.71382000", "time": 1692849677189, "isBuyerMaker": true, "isBestMatch": true}, {"id": 104518348, "price": "57.98000000", "qty": "0.40900000", "quoteQty": "23.71382000", "time": 1692849677189, "isBuyerMaker": true, "isBestMatch": true}, {"id": 104518349, "price": "57.98000000", "qty": "0.40900000", "quoteQty": "23.71382000", "time": 1692849677189, "isBuyerMaker": true, "isBestMatch": true}, {"id": 104518350, "price": "57.98000000", "qty": "0.01600000", "quoteQty": "0.92768000", "time": 1692849677189, "isBuyerMaker": true, "isBestMatch": true}, {"id": 104518351, "price": "57.97000000", "qty": "0.20800000", "quoteQty": "12.05776000", "time": 1692849677296, "isBuyerMaker": true, "isBestMatch": true}, {"id": 104518352, "price": "57.97000000", "qty": "0.51300000", "quoteQty": "29.73861000", "time": 1692849677296, "isBuyerMaker": true, "isBestMatch": true}, {"id": 104518353, "price": "57.98000000", "qty": "1.11200000", "quoteQty": "64.47376000", "time": 1692849677873, "isBuyerMaker": false, "isBestMatch": true}, {"id": 104518354, "price": "57.98000000", "qty": "12.72400000", "quoteQty": "737.73752000", "time": 1692849677873, "isBuyerMaker": false, "isBestMatch": true}, {"id": 104518355, "price": "57.98000000", "qty": "3.60000000", "quoteQty": "208.72800000", "time": 1692849677873, "isBuyerMaker": false, "isBestMatch": true}, {"id": 104518356, "price": "57.98000000", "qty": "3.90000000", "quoteQty": "226.12200000", "time": 1692849677873, "isBuyerMaker": false, "isBestMatch": true}, {"id": 104518357, "price": "57.98000000", "qty": "5.88400000", "quoteQty": "341.15432000", "time": 1692849677873, "isBuyerMaker": false, "isBestMatch": true}, {"id": 104518358, "price": "57.98000000", "qty": "1.63700000", "quoteQty": "94.91326000", "time": 1692849680039, "isBuyerMaker": false, "isBestMatch": true}, {"id": 104518359, "price": "57.98000000", "qty": "0.55300000", "quoteQty": "32.06294000", "time": 1692849680044, "isBuyerMaker": false, "isBestMatch": true}, {"id": 104518360, "price": "58.00000000", "qty": "0.21900000", "quoteQty": "12.70200000", "time": 1692849687516, "isBuyerMaker": true, "isBestMatch": true}, {"id": 104518361, "price": "58.00000000", "qty": "0.49200000", "quoteQty": "28.53600000", "time": 1692849687516, "isBuyerMaker": true, "isBestMatch": true}, {"id": 104518362, "price": "58.00000000", "qty": "0.49200000", "quoteQty": "28.53600000", "time": 1692849687622, "isBuyerMaker": true, "isBestMatch": true}, {"id": 104518363, "price": "57.99000000", "qty": "0.21900000", "quoteQty": "12.69981000", "time": 1692849687724, "isBuyerMaker": true, "isBestMatch": true}, {"id": 104518364, "price": "57.99000000", "qty": "0.39300000", "quoteQty": "22.79007000", "time": 1692849687724, "isBuyerMaker": true, "isBestMatch": true}, {"id": 104518365, "price": "57.99000000", "qty": "0.35800000", "quoteQty": "20.76042000", "time": 1692849687824, "isBuyerMaker": true, "isBestMatch": true}, {"id": 104518366, "price": "57.98000000", "qty": "1.11200000", "quoteQty": "64.47376000", "time": 1692849690308, "isBuyerMaker": false, "isBestMatch": true}, {"id": 104518367, "price": "57.98000000", "qty": "0.89300000", "quoteQty": "51.77614000", "time": 1692849692268, "isBuyerMaker": true, "isBestMatch": true}, {"id": 104518368, "price": "57.97000000", "qty": "3.10700000", "quoteQty": "180.11279000", "time": 1692849692268, "isBuyerMaker": true, "isBestMatch": true}, {"id": 104518369, "price": "57.97000000", "qty": "1.11200000", "quoteQty": "64.46264000", "time": 1692849692343, "isBuyerMaker": false, "isBestMatch": true}, {"id": 104518370, "price": "57.97000000", "qty": "0.09200000", "quoteQty": "5.33324000", "time": 1692849695776, "isBuyerMaker": true, "isBestMatch": true}, {"id": 104518371, "price": "57.97000000", "qty": "0.22000000", "quoteQty": "12.75340000", "time": 1692849696127, "isBuyerMaker": true, "isBestMatch": true}, {"id": 104518372, "price": "57.97000000", "qty": "3.93300000", "quoteQty": "227.99601000", "time": 1692849700409, "isBuyerMaker": true, "isBestMatch": true}, {"id": 104518373, "price": "57.97000000", "qty": "0.26200000", "quoteQty": "15.18814000", "time": 1692849700409, "isBuyerMaker": true, "isBestMatch": true}, {"id": 104518374, "price": "57.97000000", "qty": "0.26200000", "quoteQty": "15.18814000", "time": 1692849700409, "isBuyerMaker": true, "isBestMatch": true}, {"id": 104518375, "price": "57.97000000", "qty": "0.26200000", "quoteQty": "15.18814000", "time": 1692849700409, "isBuyerMaker": true, "isBestMatch": true}, {"id": 104518376, "price": "57.97000000", "qty": "0.26200000", "quoteQty": "15.18814000", "time": 1692849700409, "isBuyerMaker": true, "isBestMatch": true}, {"id": 104518377, "price": "57.97000000", "qty": "0.26200000", "quoteQty": "15.18814000", "time": 1692849700409, "isBuyerMaker": true, "isBestMatch": true}, {"id": 104518378, "price": "57.97000000", "qty": "0.26200000", "quoteQty": "15.18814000", "time": 1692849700409, "isBuyerMaker": true, "isBestMatch": true}, {"id": 104518379, "price": "57.97000000", "qty": "0.26200000", "quoteQty": "15.18814000", "time": 1692849700409, "isBuyerMaker": true, "isBestMatch": true}, {"id": 104518380, "price": "57.97000000", "qty": "0.23300000", "quoteQty": "13.50701000", "time": 1692849700409, "isBuyerMaker": true, "isBestMatch": true}, {"id": 104518381, "price": "57.97000000", "qty": "0.02900000", "quoteQty": "1.68113000", "time": 1692849702628, "isBuyerMaker": true, "isBestMatch": true}, {"id": 104518382, "price": "57.97000000", "qty": "0.08600000", "quoteQty": "4.98542000", "time": 1692849702628, "isBuyerMaker": true, "isBestMatch": true}, {"id": 104518383, "price": "57.96000000", "qty": "0.20800000", "quoteQty": "12.05568000", "time": 1692849702628, "isBuyerMaker": true, "isBestMatch": true}, {"id": 104518384, "price": "57.96000000", "qty": "0.36400000", "quoteQty": "21.09744000", "time": 1692849702628, "isBuyerMaker": true, "isBestMatch": true}, {"id": 104518385, "price": "57.96000000", "qty": "1.02600000", "quoteQty": "59.46696000", "time": 1692849702628, "isBuyerMaker": true, "isBestMatch": true}, {"id": 104518386, "price": "57.95000000", "qty": "0.18300000", "quoteQty": "10.60485000", "time": 1692849711465, "isBuyerMaker": true, "isBestMatch": true}, {"id": 104518387, "price": "57.96000000", "qty": "0.12600000", "quoteQty": "7.30296000", "time": 1692849711492, "isBuyerMaker": false, "isBestMatch": true}, {"id": 104518388, "price": "57.95000000", "qty": "0.68000000", "quoteQty": "39.40600000", "time": 1692849721383, "isBuyerMaker": true, "isBestMatch": true}, {"id": 104518389, "price": "57.95000000", "qty": "0.50300000", "quoteQty": "29.14885000", "time": 1692849721383, "isBuyerMaker": true, "isBestMatch": true}, {"id": 104518390, "price": "57.95000000", "qty": "0.21700000", "quoteQty": "12.57515000", "time": 1692849721383, "isBuyerMaker": true, "isBestMatch": true}, {"id": 104518391, "price": "57.95000000", "qty": "0.50300000", "quoteQty": "29.14885000", "time": 1692849727209, "isBuyerMaker": true, "isBestMatch": true}, {"id": 104518392, "price": "57.95000000", "qty": "0.50300000", "quoteQty": "29.14885000", "time": 1692849727314, "isBuyerMaker": true, "isBestMatch": true}, {"id": 104518393, "price": "57.95000000", "qty": "0.50300000", "quoteQty": "29.14885000", "time": 1692849727451, "isBuyerMaker": true, "isBestMatch": true}, {"id": 104518394, "price": "57.94000000", "qty": "0.20800000", "quoteQty": "12.05152000", "time": 1692849775494, "isBuyerMaker": true, "isBestMatch": true}, {"id": 104518395, "price": "57.94000000", "qty": "0.36400000", "quoteQty": "21.09016000", "time": 1692849775494, "isBuyerMaker": true, "isBestMatch": true}, {"id": 104518396, "price": "57.94000000", "qty": "0.45500000", "quoteQty": "26.36270000", "time": 1692849775494, "isBuyerMaker": true, "isBestMatch": true}, {"id": 104518397, "price": "57.94000000", "qty": "0.45500000", "quoteQty": "26.36270000", "time": 1692849775494, "isBuyerMaker": true, "isBestMatch": true}, {"id": 104518398, "price": "57.94000000", "qty": "0.37100000", "quoteQty": "21.49574000", "time": 1692849775494, "isBuyerMaker": true, "isBestMatch": true}, {"id": 104518399, "price": "57.94000000", "qty": "0.08400000", "quoteQty": "4.86696000", "time": 1692849782109, "isBuyerMaker": true, "isBestMatch": true}, {"id": 104518400, "price": "57.94000000", "qty": "0.24300000", "quoteQty": "14.07942000", "time": 1692849782109, "isBuyerMaker": true, "isBestMatch": true}, {"id": 104518401, "price": "57.95000000", "qty": "0.63200000", "quoteQty": "36.62440000", "time": 1692849797934, "isBuyerMaker": false, "isBestMatch": true}, {"id": 104518402, "price": "57.95000000", "qty": "0.20700000", "quoteQty": "11.99565000", "time": 1692849802059, "isBuyerMaker": false, "isBestMatch": true}, {"id": 104518403, "price": "57.95000000", "qty": "0.27300000", "quoteQty": "15.82035000", "time": 1692849802060, "isBuyerMaker": false, "isBestMatch": true}, {"id": 104518404, "price": "57.95000000", "qty": "1.11600000", "quoteQty": "64.67220000", "time": 1692849802060, "isBuyerMaker": false, "isBestMatch": true}, {"id": 104518405, "price": "57.96000000", "qty": "0.22400000", "quoteQty": "12.98304000", "time": 1692849802060, "isBuyerMaker": false, "isBestMatch": true}, {"id": 104518406, "price": "57.96000000", "qty": "0.22400000", "quoteQty": "12.98304000", "time": 1692849802067, "isBuyerMaker": false, "isBestMatch": true}, {"id": 104518407, "price": "57.96000000", "qty": "0.53800000", "quoteQty": "31.18248000", "time": 1692849802090, "isBuyerMaker": false, "isBestMatch": true}, {"id": 104518408, "price": "57.96000000", "qty": "1.75000000", "quoteQty": "101.43000000", "time": 1692849802090, "isBuyerMaker": false, "isBestMatch": true}, {"id": 104518409, "price": "57.96000000", "qty": "12.15000000", "quoteQty": "704.21400000", "time": 1692849802090, "isBuyerMaker": false, "isBestMatch": true}, {"id": 104518410, "price": "57.96000000", "qty": "26.82700000", "quoteQty": "1554.89292000", "time": 1692849802090, "isBuyerMaker": false, "isBestMatch": true}, {"id": 104518411, "price": "57.96000000", "qty": "12.62900000", "quoteQty": "731.97684000", "time": 1692849802102, "isBuyerMaker": false, "isBestMatch": true}, {"id": 104518412, "price": "57.96000000", "qty": "19.37100000", "quoteQty": "1122.74316000", "time": 1692849802104, "isBuyerMaker": false, "isBestMatch": true}, {"id": 104518413, "price": "57.96000000", "qty": "1.62900000", "quoteQty": "94.41684000", "time": 1692849802104, "isBuyerMaker": false, "isBestMatch": true}, {"id": 104518414, "price": "57.96000000", "qty": "1.87100000", "quoteQty": "108.44316000", "time": 1692849802112, "isBuyerMaker": false, "isBestMatch": true}, {"id": 104518415, "price": "57.96000000", "qty": "3.60000000", "quoteQty": "208.65600000", "time": 1692849802112, "isBuyerMaker": false, "isBestMatch": true}, {"id": 104518416, "price": "57.96000000", "qty": "3.30000000", "quoteQty": "191.26800000", "time": 1692849802112, "isBuyerMaker": false, "isBestMatch": true}, {"id": 104518417, "price": "57.96000000", "qty": "12.22900000", "quoteQty": "708.79284000", "time": 1692849802112, "isBuyerMaker": false, "isBestMatch": true}, {"id": 104518418, "price": "57.97000000", "qty": "2.35300000", "quoteQty": "136.40341000", "time": 1692849802130, "isBuyerMaker": false, "isBestMatch": true}, {"id": 104518419, "price": "57.97000000", "qty": "1.11200000", "quoteQty": "64.46264000", "time": 1692849802130, "isBuyerMaker": false, "isBestMatch": true}, {"id": 104518420, "price": "57.97000000", "qty": "2.88800000", "quoteQty": "167.41736000", "time": 1692849802138, "isBuyerMaker": false, "isBestMatch": true}, {"id": 104518421, "price": "57.97000000", "qty": "6.00000000", "quoteQty": "347.82000000", "time": 1692849802138, "isBuyerMaker": false, "isBestMatch": true}, {"id": 104518422, "price": "57.99000000", "qty": "1.11200000", "quoteQty": "64.48488000", "time": 1692849829739, "isBuyerMaker": false, "isBestMatch": true}, {"id": 104518423, "price": "57.99000000", "qty": "0.24400000", "quoteQty": "14.14956000", "time": 1692849829739, "isBuyerMaker": false, "isBestMatch": true}, {"id": 104518424, "price": "57.99000000", "qty": "0.51500000", "quoteQty": "29.86485000", "time": 1692849829739, "isBuyerMaker": false, "isBestMatch": true}, {"id": 104518425, "price": "57.98000000", "qty": "0.30000000", "quoteQty": "17.39400000", "time": 1692849846795, "isBuyerMaker": true, "isBestMatch": true}, {"id": 104518426, "price": "57.99000000", "qty": "7.48500000", "quoteQty": "434.05515000", "time": 1692849858572, "isBuyerMaker": false, "isBestMatch": true}, {"id": 104518427, "price": "57.99000000", "qty": "8.00000000", "quoteQty": "463.92000000", "time": 1692849858572, "isBuyerMaker": false, "isBestMatch": true}, {"id": 104518428, "price": "57.99000000", "qty": "1.80400000", "quoteQty": "104.61396000", "time": 1692849858572, "isBuyerMaker": false, "isBestMatch": true}, {"id": 104518429, "price": "58.00000000", "qty": "0.27000000", "quoteQty": "15.66000000", "time": 1692849862335, "isBuyerMaker": false, "isBestMatch": true}, {"id": 104518430, "price": "58.01000000", "qty": "0.81100000", "quoteQty": "47.04611000", "time": 1692849862662, "isBuyerMaker": true, "isBestMatch": true}, {"id": 104518431, "price": "58.01000000", "qty": "0.30100000", "quoteQty": "17.46101000", "time": 1692849882642, "isBuyerMaker": true, "isBestMatch": true}, {"id": 104518432, "price": "58.01000000", "qty": "0.81000000", "quoteQty": "46.98810000", "time": 1692849882642, "isBuyerMaker": true, "isBestMatch": true}, {"id": 104518433, "price": "58.00000000", "qty": "0.34100000", "quoteQty": "19.77800000", "time": 1692849883192, "isBuyerMaker": true, "isBestMatch": true}, {"id": 104518434, "price": "57.99000000", "qty": "0.42100000", "quoteQty": "24.41379000", "time": 1692849883307, "isBuyerMaker": true, "isBestMatch": true}, {"id": 104518435, "price": "57.99000000", "qty": "0.42100000", "quoteQty": "24.41379000", "time": 1692849883307, "isBuyerMaker": true, "isBestMatch": true}, {"id": 104518436, "price": "57.99000000", "qty": "0.42100000", "quoteQty": "24.41379000", "time": 1692849883307, "isBuyerMaker": true, "isBestMatch": true}, {"id": 104518437, "price": "57.99000000", "qty": "0.42100000", "quoteQty": "24.41379000", "time": 1692849883307, "isBuyerMaker": true, "isBestMatch": true}, {"id": 104518438, "price": "57.99000000", "qty": "0.04000000", "quoteQty": "2.31960000", "time": 1692849883307, "isBuyerMaker": true, "isBestMatch": true}, {"id": 104518439, "price": "57.97000000", "qty": "1.11100000", "quoteQty": "64.40467000", "time": 1692849883555, "isBuyerMaker": false, "isBestMatch": true}, {"id": 104518440, "price": "57.96000000", "qty": "0.32100000", "quoteQty": "18.60516000", "time": 1692849903856, "isBuyerMaker": true, "isBestMatch": true}, {"id": 104518441, "price": "57.96000000", "qty": "0.79200000", "quoteQty": "45.90432000", "time": 1692849903859, "isBuyerMaker": true, "isBestMatch": true}, {"id": 104518442, "price": "57.96000000", "qty": "0.34500000", "quoteQty": "19.99620000", "time": 1692849903859, "isBuyerMaker": true, "isBestMatch": true}, {"id": 104518443, "price": "57.96000000", "qty": "0.93000000", "quoteQty": "53.90280000", "time": 1692849903879, "isBuyerMaker": true, "isBestMatch": true}, {"id": 104518444, "price": "57.96000000", "qty": "1.11200000", "quoteQty": "64.45152000", "time": 1692849906381, "isBuyerMaker": false, "isBestMatch": true}, {"id": 104518445, "price": "57.96000000", "qty": "16.00200000", "quoteQty": "927.47592000", "time": 1692849906381, "isBuyerMaker": false, "isBestMatch": true}, {"id": 104518446, "price": "57.96000000", "qty": "1.75200000", "quoteQty": "101.54592000", "time": 1692849906571, "isBuyerMaker": false, "isBestMatch": true}, {"id": 104518447, "price": "57.95000000", "qty": "0.20600000", "quoteQty": "11.93770000", "time": 1692849910396, "isBuyerMaker": true, "isBestMatch": true}, {"id": 104518448, "price": "57.94000000", "qty": "0.31300000", "quoteQty": "18.13522000", "time": 1692849910424, "isBuyerMaker": true, "isBestMatch": true}, {"id": 104518449, "price": "57.94000000", "qty": "1.11200000", "quoteQty": "64.42928000", "time": 1692849910424, "isBuyerMaker": true, "isBestMatch": true}, {"id": 104518450, "price": "57.93000000", "qty": "0.51000000", "quoteQty": "29.54430000", "time": 1692849910464, "isBuyerMaker": true, "isBestMatch": true}, {"id": 104518451, "price": "57.93000000", "qty": "0.96000000", "quoteQty": "55.61280000", "time": 1692849910464, "isBuyerMaker": true, "isBestMatch": true}, {"id": 104518452, "price": "57.93000000", "qty": "0.10300000", "quoteQty": "5.96679000", "time": 1692849910464, "isBuyerMaker": true, "isBestMatch": true}, {"id": 104518453, "price": "57.93000000", "qty": "0.20800000", "quoteQty": "12.04944000", "time": 1692849910464, "isBuyerMaker": true, "isBestMatch": true}