[{"id": 104459781, "price": "54.55000000", "qty": "0.43800000", "quoteQty": "23.89290000", "time": 1692715939192, "isBuyerMaker": true, "isBestMatch": true}, {"id": 104459782, "price": "54.55000000", "qty": "0.43800000", "quoteQty": "23.89290000", "time": 1692715939506, "isBuyerMaker": true, "isBestMatch": true}, {"id": 104459783, "price": "54.55000000", "qty": "0.43800000", "quoteQty": "23.89290000", "time": 1692715939506, "isBuyerMaker": true, "isBestMatch": true}, {"id": 104459784, "price": "54.55000000", "qty": "0.36100000", "quoteQty": "19.69255000", "time": 1692715939506, "isBuyerMaker": true, "isBestMatch": true}, {"id": 104459785, "price": "54.56000000", "qty": "0.25600000", "quoteQty": "13.96736000", "time": 1692715949637, "isBuyerMaker": false, "isBestMatch": true}, {"id": 104459786, "price": "54.56000000", "qty": "2.58800000", "quoteQty": "141.20128000", "time": 1692715949637, "isBuyerMaker": false, "isBestMatch": true}, {"id": 104459787, "price": "54.56000000", "qty": "0.43800000", "quoteQty": "23.89728000", "time": 1692715952097, "isBuyerMaker": false, "isBestMatch": true}, {"id": 104459788, "price": "54.56000000", "qty": "0.01200000", "quoteQty": "0.65472000", "time": 1692715952109, "isBuyerMaker": false, "isBestMatch": true}, {"id": 104459789, "price": "54.56000000", "qty": "0.64600000", "quoteQty": "35.24576000", "time": 1692715952109, "isBuyerMaker": false, "isBestMatch": true}, {"id": 104459790, "price": "54.56000000", "qty": "0.04500000", "quoteQty": "2.45520000", "time": 1692715952126, "isBuyerMaker": false, "isBestMatch": true}, {"id": 104459791, "price": "54.56000000", "qty": "0.61300000", "quoteQty": "33.44528000", "time": 1692715952126, "isBuyerMaker": false, "isBestMatch": true}, {"id": 104459792, "price": "54.56000000", "qty": "0.23000000", "quoteQty": "12.54880000", "time": 1692715953856, "isBuyerMaker": true, "isBestMatch": true}, {"id": 104459793, "price": "54.56000000", "qty": "0.27500000", "quoteQty": "15.00400000", "time": 1692715953856, "isBuyerMaker": true, "isBestMatch": true}, {"id": 104459794, "price": "54.56000000", "qty": "0.27500000", "quoteQty": "15.00400000", "time": 1692715953996, "isBuyerMaker": true, "isBestMatch": true}, {"id": 104459795, "price": "54.56000000", "qty": "0.27500000", "quoteQty": "15.00400000", "time": 1692715954117, "isBuyerMaker": true, "isBestMatch": true}, {"id": 104459796, "price": "54.56000000", "qty": "0.27500000", "quoteQty": "15.00400000", "time": 1692715954190, "isBuyerMaker": true, "isBestMatch": true}, {"id": 104459797, "price": "54.56000000", "qty": "0.27500000", "quoteQty": "15.00400000", "time": 1692715954190, "isBuyerMaker": true, "isBestMatch": true}, {"id": 104459798, "price": "54.56000000", "qty": "0.27500000", "quoteQty": "15.00400000", "time": 1692715954190, "isBuyerMaker": true, "isBestMatch": true}, {"id": 104459799, "price": "54.56000000", "qty": "0.17100000", "quoteQty": "9.32976000", "time": 1692715954190, "isBuyerMaker": true, "isBestMatch": true}, {"id": 104459800, "price": "54.55000000", "qty": "0.61200000", "quoteQty": "33.38460000", "time": 1692715954190, "isBuyerMaker": true, "isBestMatch": true}, {"id": 104459801, "price": "54.54000000", "qty": "4.75700000", "quoteQty": "259.44678000", "time": 1692715954190, "isBuyerMaker": true, "isBestMatch": true}, {"id": 104459802, "price": "54.53000000", "qty": "0.23000000", "quoteQty": "12.54190000", "time": 1692715954190, "isBuyerMaker": true, "isBestMatch": true}, {"id": 104459803, "price": "54.53000000", "qty": "5.95300000", "quoteQty": "324.61709000", "time": 1692715954190, "isBuyerMaker": true, "isBestMatch": true}, {"id": 104459804, "price": "54.53000000", "qty": "1.83400000", "quoteQty": "100.00802000", "time": 1692715954190, "isBuyerMaker": true, "isBestMatch": true}, {"id": 104459805, "price": "54.53000000", "qty": "1.25500000", "quoteQty": "68.43515000", "time": 1692715954190, "isBuyerMaker": true, "isBestMatch": true}, {"id": 104459806, "price": "54.52000000", "qty": "8.99900000", "quoteQty": "490.62548000", "time": 1692715954190, "isBuyerMaker": true, "isBestMatch": true}, {"id": 104459807, "price": "54.52000000", "qty": "7.10700000", "quoteQty": "387.47364000", "time": 1692715954190, "isBuyerMaker": true, "isBestMatch": true}, {"id": 104459808, "price": "54.52000000", "qty": "9.17400000", "quoteQty": "500.16648000", "time": 1692715954190, "isBuyerMaker": true, "isBestMatch": true}, {"id": 104459809, "price": "54.51000000", "qty": "1.21600000", "quoteQty": "66.28416000", "time": 1692715954190, "isBuyerMaker": true, "isBestMatch": true}, {"id": 104459810, "price": "54.51000000", "qty": "8.99600000", "quoteQty": "490.37196000", "time": 1692715954190, "isBuyerMaker": true, "isBestMatch": true}, {"id": 104459811, "price": "54.51000000", "qty": "3.80000000", "quoteQty": "207.13800000", "time": 1692715954190, "isBuyerMaker": true, "isBestMatch": true}, {"id": 104459812, "price": "54.51000000", "qty": "0.19200000", "quoteQty": "10.46592000", "time": 1692715954190, "isBuyerMaker": true, "isBestMatch": true}, {"id": 104459813, "price": "54.51000000", "qty": "3.66200000", "quoteQty": "199.61562000", "time": 1692715954190, "isBuyerMaker": true, "isBestMatch": true}, {"id": 104459814, "price": "54.51000000", "qty": "19.31500000", "quoteQty": "1052.86065000", "time": 1692715954190, "isBuyerMaker": true, "isBestMatch": true}, {"id": 104459815, "price": "54.50000000", "qty": "0.23000000", "quoteQty": "12.53500000", "time": 1692715954190, "isBuyerMaker": true, "isBestMatch": true}, {"id": 104459816, "price": "54.50000000", "qty": "0.46100000", "quoteQty": "25.12450000", "time": 1692715954190, "isBuyerMaker": true, "isBestMatch": true}, {"id": 104459817, "price": "54.50000000", "qty": "8.99300000", "quoteQty": "490.11850000", "time": 1692715954190, "isBuyerMaker": true, "isBestMatch": true}, {"id": 104459818, "price": "54.50000000", "qty": "11.60500000", "quoteQty": "632.47250000", "time": 1692715954190, "isBuyerMaker": true, "isBestMatch": true}, {"id": 104459819, "price": "54.50000000", "qty": "14.33900000", "quoteQty": "781.47550000", "time": 1692715954190, "isBuyerMaker": true, "isBestMatch": true}, {"id": 104459820, "price": "54.50000000", "qty": "0.22100000", "quoteQty": "12.04450000", "time": 1692715954190, "isBuyerMaker": true, "isBestMatch": true}, {"id": 104459821, "price": "54.50000000", "qty": "165.07500000", "quoteQty": "8996.58750000", "time": 1692715954190, "isBuyerMaker": true, "isBestMatch": true}, {"id": 104459822, "price": "54.50000000", "qty": "116.78700000", "quoteQty": "6364.89150000", "time": 1692715954196, "isBuyerMaker": false, "isBestMatch": true}, {"id": 104459823, "price": "54.50000000", "qty": "13.39000000", "quoteQty": "729.75500000", "time": 1692715954198, "isBuyerMaker": false, "isBestMatch": true}, {"id": 104459824, "price": "54.50000000", "qty": "33.82600000", "quoteQty": "1843.51700000", "time": 1692715954199, "isBuyerMaker": false, "isBestMatch": true}, {"id": 104459825, "price": "54.50000000", "qty": "8.36600000", "quoteQty": "455.94700000", "time": 1692715954199, "isBuyerMaker": false, "isBestMatch": true}, {"id": 104459826, "price": "54.50000000", "qty": "9.77600000", "quoteQty": "532.79200000", "time": 1692715954199, "isBuyerMaker": false, "isBestMatch": true}, {"id": 104459827, "price": "54.50000000", "qty": "18.25800000", "quoteQty": "995.06100000", "time": 1692715954200, "isBuyerMaker": false, "isBestMatch": true}, {"id": 104459828, "price": "54.50000000", "qty": "2.81300000", "quoteQty": "153.30850000", "time": 1692715954202, "isBuyerMaker": false, "isBestMatch": true}, {"id": 104459829, "price": "54.50000000", "qty": "13.83800000", "quoteQty": "754.17100000", "time": 1692715954203, "isBuyerMaker": false, "isBestMatch": true}, {"id": 104459830, "price": "54.50000000", "qty": "6.88500000", "quoteQty": "375.23250000", "time": 1692715954203, "isBuyerMaker": false, "isBestMatch": true}, {"id": 104459831, "price": "54.50000000", "qty": "9.35700000", "quoteQty": "509.95650000", "time": 1692715954204, "isBuyerMaker": false, "isBestMatch": true}, {"id": 104459832, "price": "54.50000000", "qty": "10.81100000", "quoteQty": "589.19950000", "time": 1692715954204, "isBuyerMaker": false, "isBestMatch": true}, {"id": 104459833, "price": "54.50000000", "qty": "0.39800000", "quoteQty": "21.69100000", "time": 1692715954206, "isBuyerMaker": false, "isBestMatch": true}, {"id": 104459834, "price": "54.50000000", "qty": "10.84200000", "quoteQty": "590.88900000", "time": 1692715954206, "isBuyerMaker": false, "isBestMatch": true}, {"id": 104459835, "price": "54.50000000", "qty": "8.31200000", "quoteQty": "453.00400000", "time": 1692715954209, "isBuyerMaker": false, "isBestMatch": true}, {"id": 104459836, "price": "54.52000000", "qty": "0.10900000", "quoteQty": "5.94268000", "time": 1692715954216, "isBuyerMaker": true, "isBestMatch": true}, {"id": 104459837, "price": "54.52000000", "qty": "12.39600000", "quoteQty": "675.82992000", "time": 1692715954216, "isBuyerMaker": true, "isBestMatch": true}, {"id": 104459838, "price": "54.52000000", "qty": "0.26000000", "quoteQty": "14.17520000", "time": 1692715954506, "isBuyerMaker": true, "isBestMatch": true}, {"id": 104459839, "price": "54.52000000", "qty": "1.22500000", "quoteQty": "66.78700000", "time": 1692715954506, "isBuyerMaker": true, "isBestMatch": true}, {"id": 104459840, "price": "54.52000000", "qty": "0.26000000", "quoteQty": "14.17520000", "time": 1692715954506, "isBuyerMaker": true, "isBestMatch": true}, {"id": 104459841, "price": "54.52000000", "qty": "0.26000000", "quoteQty": "14.17520000", "time": 1692715954506, "isBuyerMaker": true, "isBestMatch": true}, {"id": 104459842, "price": "54.52000000", "qty": "0.26000000", "quoteQty": "14.17520000", "time": 1692715954506, "isBuyerMaker": true, "isBestMatch": true}, {"id": 104459843, "price": "54.52000000", "qty": "0.04600000", "quoteQty": "2.50792000", "time": 1692715954506, "isBuyerMaker": true, "isBestMatch": true}, {"id": 104459844, "price": "54.52000000", "qty": "0.21400000", "quoteQty": "11.66728000", "time": 1692715954866, "isBuyerMaker": true, "isBestMatch": true}, {"id": 104459845, "price": "54.52000000", "qty": "0.26000000", "quoteQty": "14.17520000", "time": 1692715955007, "isBuyerMaker": true, "isBestMatch": true}, {"id": 104459846, "price": "54.52000000", "qty": "0.26000000", "quoteQty": "14.17520000", "time": 1692715955044, "isBuyerMaker": true, "isBestMatch": true}, {"id": 104459847, "price": "54.52000000", "qty": "0.26000000", "quoteQty": "14.17520000", "time": 1692715955044, "isBuyerMaker": true, "isBestMatch": true}, {"id": 104459848, "price": "54.52000000", "qty": "0.11900000", "quoteQty": "6.48788000", "time": 1692715955044, "isBuyerMaker": true, "isBestMatch": true}, {"id": 104459849, "price": "54.50000000", "qty": "3.66400000", "quoteQty": "199.68800000", "time": 1692715955044, "isBuyerMaker": true, "isBestMatch": true}, {"id": 104459850, "price": "54.50000000", "qty": "4.75700000", "quoteQty": "259.25650000", "time": 1692715955044, "isBuyerMaker": true, "isBestMatch": true}, {"id": 104459851, "price": "54.49000000", "qty": "3.40000000", "quoteQty": "185.26600000", "time": 1692715955044, "isBuyerMaker": true, "isBestMatch": true}, {"id": 104459852, "price": "54.49000000", "qty": "2.47000000", "quoteQty": "134.59030000", "time": 1692715955044, "isBuyerMaker": true, "isBestMatch": true}, {"id": 104459853, "price": "54.49000000", "qty": "1.83400000", "quoteQty": "99.93466000", "time": 1692715955044, "isBuyerMaker": true, "isBestMatch": true}, {"id": 104459854, "price": "54.49000000", "qty": "20.31700000", "quoteQty": "1107.07333000", "time": 1692715955044, "isBuyerMaker": true, "isBestMatch": true}, {"id": 104459855, "price": "54.49000000", "qty": "0.33900000", "quoteQty": "18.47211000", "time": 1692715955044, "isBuyerMaker": true, "isBestMatch": true}, {"id": 104459856, "price": "54.48000000", "qty": "0.85500000", "quoteQty": "46.58040000", "time": 1692715955044, "isBuyerMaker": true, "isBestMatch": true}, {"id": 104459857, "price": "54.49000000", "qty": "0.41200000", "quoteQty": "22.44988000", "time": 1692715955546, "isBuyerMaker": true, "isBestMatch": true}, {"id": 104459858, "price": "54.49000000", "qty": "0.41200000", "quoteQty": "22.44988000", "time": 1692715955546, "isBuyerMaker": true, "isBestMatch": true}, {"id": 104459859, "price": "54.49000000", "qty": "0.29600000", "quoteQty": "16.12904000", "time": 1692715955546, "isBuyerMaker": true, "isBestMatch": true}, {"id": 104459860, "price": "54.51000000", "qty": "12.46600000", "quoteQty": "679.52166000", "time": 1692715958472, "isBuyerMaker": false, "isBestMatch": true}, {"id": 104459861, "price": "54.52000000", "qty": "0.69100000", "quoteQty": "37.67332000", "time": 1692715958485, "isBuyerMaker": false, "isBestMatch": true}, {"id": 104459862, "price": "54.52000000", "qty": "5.30900000", "quoteQty": "289.44668000", "time": 1692715958485, "isBuyerMaker": false, "isBestMatch": true}, {"id": 104459863, "price": "54.54000000", "qty": "0.69100000", "quoteQty": "37.68714000", "time": 1692715958811, "isBuyerMaker": false, "isBestMatch": true}, {"id": 104459864, "price": "54.54000000", "qty": "1.16900000", "quoteQty": "63.75726000", "time": 1692715958811, "isBuyerMaker": false, "isBestMatch": true}, {"id": 104459865, "price": "54.54000000", "qty": "0.19200000", "quoteQty": "10.47168000", "time": 1692715958811, "isBuyerMaker": false, "isBestMatch": true}, {"id": 104459866, "price": "54.54000000", "qty": "1.74800000", "quoteQty": "95.33592000", "time": 1692715958811, "isBuyerMaker": false, "isBestMatch": true}, {"id": 104459867, "price": "54.53000000", "qty": "0.42400000", "quoteQty": "23.12072000", "time": 1692715958930, "isBuyerMaker": true, "isBestMatch": true}, {"id": 104459868, "price": "54.53000000", "qty": "0.42400000", "quoteQty": "23.12072000", "time": 1692715959058, "isBuyerMaker": true, "isBestMatch": true}, {"id": 104459869, "price": "54.53000000", "qty": "0.42400000", "quoteQty": "23.12072000", "time": 1692715959171, "isBuyerMaker": true, "isBestMatch": true}, {"id": 104459870, "price": "54.53000000", "qty": "0.42400000", "quoteQty": "23.12072000", "time": 1692715959320, "isBuyerMaker": true, "isBestMatch": true}, {"id": 104459871, "price": "54.53000000", "qty": "0.42400000", "quoteQty": "23.12072000", "time": 1692715959420, "isBuyerMaker": true, "isBestMatch": true}, {"id": 104459872, "price": "54.53000000", "qty": "0.41700000", "quoteQty": "22.73901000", "time": 1692715959562, "isBuyerMaker": true, "isBestMatch": true}, {"id": 104459873, "price": "54.53000000", "qty": "0.35200000", "quoteQty": "19.19456000", "time": 1692715960081, "isBuyerMaker": true, "isBestMatch": true}, {"id": 104459874, "price": "54.53000000", "qty": "0.35200000", "quoteQty": "19.19456000", "time": 1692715960221, "isBuyerMaker": true, "isBestMatch": true}, {"id": 104459875, "price": "54.53000000", "qty": "0.35200000", "quoteQty": "19.19456000", "time": 1692715960330, "isBuyerMaker": true, "isBestMatch": true}, {"id": 104459876, "price": "54.54000000", "qty": "7.42300000", "quoteQty": "404.85042000", "time": 1692715960740, "isBuyerMaker": false, "isBestMatch": true}, {"id": 104459877, "price": "54.54000000", "qty": "0.76500000", "quoteQty": "41.72310000", "time": 1692715960740, "isBuyerMaker": false, "isBestMatch": true}, {"id": 104459878, "price": "54.53000000", "qty": "0.35200000", "quoteQty": "19.19456000", "time": 1692715961346, "isBuyerMaker": true, "isBestMatch": true}, {"id": 104459879, "price": "54.53000000", "qty": "0.35200000", "quoteQty": "19.19456000", "time": 1692715972496, "isBuyerMaker": true, "isBestMatch": true}, {"id": 104459880, "price": "54.53000000", "qty": "0.32900000", "quoteQty": "17.94037000", "time": 1692715972500, "isBuyerMaker": true, "isBestMatch": true}, {"id": 104459881, "price": "54.53000000", "qty": "0.02300000", "quoteQty": "1.25419000", "time": 1692715980107, "isBuyerMaker": true, "isBestMatch": true}, {"id": 104459882, "price": "54.53000000", "qty": "12.46600000", "quoteQty": "679.77098000", "time": 1692715980107, "isBuyerMaker": true, "isBestMatch": true}, {"id": 104459883, "price": "54.54000000", "qty": "0.54900000", "quoteQty": "29.94246000", "time": 1692715985432, "isBuyerMaker": true, "isBestMatch": true}, {"id": 104459884, "price": "54.55000000", "qty": "0.21900000", "quoteQty": "11.94645000", "time": 1692715988636, "isBuyerMaker": false, "isBestMatch": true}, {"id": 104459885, "price": "54.55000000", "qty": "0.02800000", "quoteQty": "1.52740000", "time": 1692715988642, "isBuyerMaker": false, "isBestMatch": true}, {"id": 104459886, "price": "54.55000000", "qty": "1.59500000", "quoteQty": "87.00725000", "time": 1692715994506, "isBuyerMaker": true, "isBestMatch": true}, {"id": 104459887, "price": "54.56000000", "qty": "0.31100000", "quoteQty": "16.96816000", "time": 1692716020553, "isBuyerMaker": false, "isBestMatch": true}, {"id": 104459888, "price": "54.57000000", "qty": "0.69100000", "quoteQty": "37.70787000", "time": 1692716020577, "isBuyerMaker": false, "isBestMatch": true}, {"id": 104459889, "price": "54.57000000", "qty": "0.22100000", "quoteQty": "12.05997000", "time": 1692716020577, "isBuyerMaker": false, "isBestMatch": true}, {"id": 104459890, "price": "54.57000000", "qty": "0.36600000", "quoteQty": "19.97262000", "time": 1692716020577, "isBuyerMaker": false, "isBestMatch": true}, {"id": 104459891, "price": "54.58000000", "qty": "0.46100000", "quoteQty": "25.16138000", "time": 1692716029506, "isBuyerMaker": true, "isBestMatch": true}, {"id": 104459892, "price": "54.58000000", "qty": "0.43800000", "quoteQty": "23.90604000", "time": 1692716029506, "isBuyerMaker": true, "isBestMatch": true}, {"id": 104459893, "price": "54.58000000", "qty": "1.20200000", "quoteQty": "65.60516000", "time": 1692716029506, "isBuyerMaker": true, "isBestMatch": true}, {"id": 104459894, "price": "54.58000000", "qty": "0.43800000", "quoteQty": "23.90604000", "time": 1692716041426, "isBuyerMaker": true, "isBestMatch": true}, {"id": 104459895, "price": "54.58000000", "qty": "0.43800000", "quoteQty": "23.90604000", "time": 1692716048664, "isBuyerMaker": true, "isBestMatch": true}, {"id": 104459896, "price": "54.58000000", "qty": "0.21800000", "quoteQty": "11.89844000", "time": 1692716048896, "isBuyerMaker": true, "isBestMatch": true}, {"id": 104459897, "price": "54.58000000", "qty": "0.22000000", "quoteQty": "12.00760000", "time": 1692716048900, "isBuyerMaker": true, "isBestMatch": true}, {"id": 104459898, "price": "54.58000000", "qty": "0.21800000", "quoteQty": "11.89844000", "time": 1692716048900, "isBuyerMaker": true, "isBestMatch": true}, {"id": 104459899, "price": "54.58000000", "qty": "0.21800000", "quoteQty": "11.89844000", "time": 1692716048902, "isBuyerMaker": true, "isBestMatch": true}, {"id": 104459900, "price": "54.58000000", "qty": "0.00200000", "quoteQty": "0.10916000", "time": 1692716057004, "isBuyerMaker": true, "isBestMatch": true}, {"id": 104459901, "price": "54.58000000", "qty": "0.43800000", "quoteQty": "23.90604000", "time": 1692716057004, "isBuyerMaker": true, "isBestMatch": true}, {"id": 104459902, "price": "54.58000000", "qty": "0.36900000", "quoteQty": "20.14002000", "time": 1692716057004, "isBuyerMaker": true, "isBestMatch": true}, {"id": 104459903, "price": "54.57000000", "qty": "0.10800000", "quoteQty": "5.89356000", "time": 1692716057004, "isBuyerMaker": true, "isBestMatch": true}, {"id": 104459904, "price": "54.56000000", "qty": "0.69100000", "quoteQty": "37.70096000", "time": 1692716057009, "isBuyerMaker": true, "isBestMatch": true}, {"id": 104459905, "price": "54.55000000", "qty": "1.88300000", "quoteQty": "102.71765000", "time": 1692716059506, "isBuyerMaker": true, "isBestMatch": true}, {"id": 104459906, "price": "54.55000000", "qty": "3.35200000", "quoteQty": "182.85160000", "time": 1692716075074, "isBuyerMaker": true, "isBestMatch": true}, {"id": 104459907, "price": "54.56000000", "qty": "0.21000000", "quoteQty": "11.45760000", "time": 1692716077596, "isBuyerMaker": false, "isBestMatch": true}, {"id": 104459908, "price": "54.55000000", "qty": "1.65800000", "quoteQty": "90.44390000", "time": 1692716089506, "isBuyerMaker": true, "isBestMatch": true}, {"id": 104459909, "price": "54.55000000", "qty": "2.24600000", "quoteQty": "122.51930000", "time": 1692716106402, "isBuyerMaker": true, "isBestMatch": true}, {"id": 104459910, "price": "54.55000000", "qty": "0.32500000", "quoteQty": "17.72875000", "time": 1692716106402, "isBuyerMaker": true, "isBestMatch": true}, {"id": 104459911, "price": "54.55000000", "qty": "4.92600000", "quoteQty": "268.71330000", "time": 1692716106402, "isBuyerMaker": true, "isBestMatch": true}, {"id": 104459912, "price": "54.55000000", "qty": "2.61700000", "quoteQty": "142.75735000", "time": 1692716109372, "isBuyerMaker": true, "isBestMatch": true}, {"id": 104459913, "price": "54.55000000", "qty": "2.11900000", "quoteQty": "115.59145000", "time": 1692716119506, "isBuyerMaker": true, "isBestMatch": true}, {"id": 104459914, "price": "54.55000000", "qty": "20.33800000", "quoteQty": "1109.43790000", "time": 1692716121411, "isBuyerMaker": true, "isBestMatch": true}, {"id": 104459915, "price": "54.55000000", "qty": "0.32500000", "quoteQty": "17.72875000", "time": 1692716121411, "isBuyerMaker": true, "isBestMatch": true}, {"id": 104459916, "price": "54.55000000", "qty": "4.92600000", "quoteQty": "268.71330000", "time": 1692716121411, "isBuyerMaker": true, "isBestMatch": true}, {"id": 104459917, "price": "54.55000000", "qty": "2.61700000", "quoteQty": "142.75735000", "time": 1692716121411, "isBuyerMaker": true, "isBestMatch": true}, {"id": 104459918, "price": "54.55000000", "qty": "0.32500000", "quoteQty": "17.72875000", "time": 1692716121414, "isBuyerMaker": true, "isBestMatch": true}, {"id": 104459919, "price": "54.55000000", "qty": "0.32500000", "quoteQty": "17.72875000", "time": 1692716121414, "isBuyerMaker": true, "isBestMatch": true}, {"id": 104459920, "price": "54.55000000", "qty": "0.32500000", "quoteQty": "17.72875000", "time": 1692716121414, "isBuyerMaker": true, "isBestMatch": true}, {"id": 104459921, "price": "54.55000000", "qty": "0.32500000", "quoteQty": "17.72875000", "time": 1692716121414, "isBuyerMaker": true, "isBestMatch": true}, {"id": 104459922, "price": "54.55000000", "qty": "0.00600000", "quoteQty": "0.32730000", "time": 1692716121414, "isBuyerMaker": true, "isBestMatch": true}, {"id": 104459923, "price": "54.54000000", "qty": "0.50000000", "quoteQty": "27.27000000", "time": 1692716121558, "isBuyerMaker": true, "isBestMatch": true}, {"id": 104459924, "price": "54.54000000", "qty": "0.42800000", "quoteQty": "23.34312000", "time": 1692716121558, "isBuyerMaker": true, "isBestMatch": true}, {"id": 104459925, "price": "54.54000000", "qty": "0.42800000", "quoteQty": "23.34312000", "time": 1692716121558, "isBuyerMaker": true, "isBestMatch": true}, {"id": 104459926, "price": "54.54000000", "qty": "0.42800000", "quoteQty": "23.34312000", "time": 1692716121558, "isBuyerMaker": true, "isBestMatch": true}, {"id": 104459927, "price": "54.54000000", "qty": "0.42800000", "quoteQty": "23.34312000", "time": 1692716121558, "isBuyerMaker": true, "isBestMatch": true}, {"id": 104459928, "price": "54.54000000", "qty": "0.42800000", "quoteQty": "23.34312000", "time": 1692716121558, "isBuyerMaker": true, "isBestMatch": true}, {"id": 104459929, "price": "54.54000000", "qty": "0.42800000", "quoteQty": "23.34312000", "time": 1692716121558, "isBuyerMaker": true, "isBestMatch": true}, {"id": 104459930, "price": "54.54000000", "qty": "0.42800000", "quoteQty": "23.34312000", "time": 1692716121558, "isBuyerMaker": true, "isBestMatch": true}, {"id": 104459931, "price": "54.54000000", "qty": "0.02400000", "quoteQty": "1.30896000", "time": 1692716121558, "isBuyerMaker": true, "isBestMatch": true}, {"id": 104459932, "price": "54.54000000", "qty": "0.01100000", "quoteQty": "0.59994000", "time": 1692716127390, "isBuyerMaker": true, "isBestMatch": true}, {"id": 104459933, "price": "54.54000000", "qty": "1.30800000", "quoteQty": "71.33832000", "time": 1692716127390, "isBuyerMaker": true, "isBestMatch": true}, {"id": 104459934, "price": "54.54000000", "qty": "0.81100000", "quoteQty": "44.23194000", "time": 1692716127390, "isBuyerMaker": true, "isBestMatch": true}, {"id": 104459935, "price": "54.54000000", "qty": "27.88100000", "quoteQty": "1520.62974000", "time": 1692716127390, "isBuyerMaker": true, "isBestMatch": true}, {"id": 104459936, "price": "54.54000000", "qty": "0.26100000", "quoteQty": "14.23494000", "time": 1692716159506, "isBuyerMaker": true, "isBestMatch": true}, {"id": 104459937, "price": "54.54000000", "qty": "0.26100000", "quoteQty": "14.23494000", "time": 1692716159506, "isBuyerMaker": true, "isBestMatch": true}, {"id": 104459938, "price": "54.54000000", "qty": "0.26100000", "quoteQty": "14.23494000", "time": 1692716159506, "isBuyerMaker": true, "isBestMatch": true}, {"id": 104459939, "price": "54.54000000", "qty": "0.17000000", "quoteQty": "9.27180000", "time": 1692716159506, "isBuyerMaker": true, "isBestMatch": true}, {"id": 104459940, "price": "54.57000000", "qty": "0.45000000", "quoteQty": "24.55650000", "time": 1692716166056, "isBuyerMaker": false, "isBestMatch": true}, {"id": 104459941, "price": "54.57000000", "qty": "0.25000000", "quoteQty": "13.64250000", "time": 1692716166056, "isBuyerMaker": false, "isBestMatch": true}, {"id": 104459942, "price": "54.57000000", "qty": "0.70000000", "quoteQty": "38.19900000", "time": 1692716166056, "isBuyerMaker": false, "isBestMatch": true}, {"id": 104459943, "price": "54.57000000", "qty": "0.70000000", "quoteQty": "38.19900000", "time": 1692716166057, "isBuyerMaker": false, "isBestMatch": true}, {"id": 104459944, "price": "54.57000000", "qty": "0.70000000", "quoteQty": "38.19900000", "time": 1692716166069, "isBuyerMaker": false, "isBestMatch": true}, {"id": 104459945, "price": "54.57000000", "qty": "0.09300000", "quoteQty": "5.07501000", "time": 1692716170688, "isBuyerMaker": false, "isBestMatch": true}, {"id": 104459946, "price": "54.58000000", "qty": "0.38900000", "quoteQty": "21.23162000", "time": 1692716174506, "isBuyerMaker": true, "isBestMatch": true}, {"id": 104459947, "price": "54.58000000", "qty": "0.69300000", "quoteQty": "37.82394000", "time": 1692716174506, "isBuyerMaker": true, "isBestMatch": true}, {"id": 104459948, "price": "54.59000000", "qty": "0.22100000", "quoteQty": "12.06439000", "time": 1692716177472, "isBuyerMaker": false, "isBestMatch": true}, {"id": 104459949, "price": "54.59000000", "qty": "0.35700000", "quoteQty": "19.48863000", "time": 1692716177472, "isBuyerMaker": false, "isBestMatch": true}, {"id": 104459950, "price": "54.59000000", "qty": "0.45000000", "quoteQty": "24.56550000", "time": 1692716177472, "isBuyerMaker": false, "isBestMatch": true}, {"id": 104459951, "price": "54.59000000", "qty": "0.24000000", "quoteQty": "13.10160000", "time": 1692716177472, "isBuyerMaker": false, "isBestMatch": true}, {"id": 104459952, "price": "54.60000000", "qty": "4.59600000", "quoteQty": "250.94160000", "time": 1692716177490, "isBuyerMaker": false, "isBestMatch": true}, {"id": 104459953, "price": "54.59000000", "qty": "0.11000000", "quoteQty": "6.00490000", "time": 1692716181069, "isBuyerMaker": true, "isBestMatch": true}, {"id": 104459954, "price": "54.59000000", "qty": "0.74900000", "quoteQty": "40.88791000", "time": 1692716189506, "isBuyerMaker": true, "isBestMatch": true}, {"id": 104459955, "price": "54.59000000", "qty": "0.30100000", "quoteQty": "16.43159000", "time": 1692716189506, "isBuyerMaker": true, "isBestMatch": true}, {"id": 104459956, "price": "54.59000000", "qty": "0.11400000", "quoteQty": "6.22326000", "time": 1692716198626, "isBuyerMaker": true, "isBestMatch": true}, {"id": 104459957, "price": "54.59000000", "qty": "2.74200000", "quoteQty": "149.68578000", "time": 1692716198626, "isBuyerMaker": true, "isBestMatch": true}, {"id": 104459958, "price": "54.59000000", "qty": "13.62600000", "quoteQty": "743.84334000", "time": 1692716198631, "isBuyerMaker": true, "isBestMatch": true}, {"id": 104459959, "price": "54.59000000", "qty": "3.18000000", "quoteQty": "173.59620000", "time": 1692716198633, "isBuyerMaker": true, "isBestMatch": true}, {"id": 104459960, "price": "54.59000000", "qty": "1.97700000", "quoteQty": "107.92443000", "time": 1692716198637, "isBuyerMaker": true, "isBestMatch": true}, {"id": 104459961, "price": "54.59000000", "qty": "0.09200000", "quoteQty": "5.02228000", "time": 1692716212144, "isBuyerMaker": true, "isBestMatch": true}, {"id": 104459962, "price": "54.59000000", "qty": "1.54300000", "quoteQty": "84.23237000", "time": 1692716214506, "isBuyerMaker": true, "isBestMatch": true}, {"id": 104459963, "price": "54.60000000", "qty": "0.19200000", "quoteQty": "10.48320000", "time": 1692716220389, "isBuyerMaker": false, "isBestMatch": true}, {"id": 104459964, "price": "54.60000000", "qty": "6.00400000", "quoteQty": "327.81840000", "time": 1692716220389, "isBuyerMaker": false, "isBestMatch": true}, {"id": 104459965, "price": "54.60000000", "qty": "3.81900000", "quoteQty": "208.51740000", "time": 1692716220398, "isBuyerMaker": false, "isBestMatch": true}, {"id": 104459966, "price": "54.60000000", "qty": "0.46800000", "quoteQty": "25.55280000", "time": 1692716229043, "isBuyerMaker": true, "isBestMatch": true}, {"id": 104459967, "price": "54.60000000", "qty": "30.00000000", "quoteQty": "1638.00000000", "time": 1692716229043, "isBuyerMaker": true, "isBestMatch": true}, {"id": 104459968, "price": "54.60000000", "qty": "0.43800000", "quoteQty": "23.91480000", "time": 1692716229047, "isBuyerMaker": true, "isBestMatch": true}, {"id": 104459969, "price": "54.60000000", "qty": "0.03000000", "quoteQty": "1.63800000", "time": 1692716239506, "isBuyerMaker": true, "isBestMatch": true}, {"id": 104459970, "price": "54.60000000", "qty": "1.18600000", "quoteQty": "64.75560000", "time": 1692716239506, "isBuyerMaker": true, "isBestMatch": true}, {"id": 104459971, "price": "54.60000000", "qty": "3.32300000", "quoteQty": "181.43580000", "time": 1692716246001, "isBuyerMaker": true, "isBestMatch": true}, {"id": 104459972, "price": "54.60000000", "qty": "4.65700000", "quoteQty": "254.27220000", "time": 1692716246022, "isBuyerMaker": true, "isBestMatch": true}, {"id": 104459973, "price": "54.60000000", "qty": "5.49500000", "quoteQty": "300.02700000", "time": 1692716246027, "isBuyerMaker": true, "isBestMatch": true}, {"id": 104459974, "price": "54.60000000", "qty": "15.33900000", "quoteQty": "837.50940000", "time": 1692716246033, "isBuyerMaker": true, "isBestMatch": true}, {"id": 104459975, "price": "54.60000000", "qty": "2.87100000", "quoteQty": "156.75660000", "time": 1692716246033, "isBuyerMaker": true, "isBestMatch": true}, {"id": 104459976, "price": "54.60000000", "qty": "7.33600000", "quoteQty": "400.54560000", "time": 1692716246034, "isBuyerMaker": true, "isBestMatch": true}, {"id": 104459977, "price": "54.60000000", "qty": "0.46800000", "quoteQty": "25.55280000", "time": 1692716246034, "isBuyerMaker": true, "isBestMatch": true}, {"id": 104459978, "price": "54.60000000", "qty": "0.81700000", "quoteQty": "44.60820000", "time": 1692716246034, "isBuyerMaker": true, "isBestMatch": true}, {"id": 104459979, "price": "54.60000000", "qty": "0.36900000", "quoteQty": "20.14740000", "time": 1692716246037, "isBuyerMaker": true, "isBestMatch": true}, {"id": 104459980, "price": "54.60000000", "qty": "0.46800000", "quoteQty": "25.55280000", "time": 1692716246037, "isBuyerMaker": true, "isBestMatch": true}, {"id": 104459981, "price": "54.60000000", "qty": "0.46800000", "quoteQty": "25.55280000", "time": 1692716246037, "isBuyerMaker": true, "isBestMatch": true}, {"id": 104459982, "price": "54.60000000", "qty": "0.23100000", "quoteQty": "12.61260000", "time": 1692716246037, "isBuyerMaker": true, "isBestMatch": true}, {"id": 104459983, "price": "54.59000000", "qty": "0.20100000", "quoteQty": "10.97259000", "time": 1692716247329, "isBuyerMaker": true, "isBestMatch": true}, {"id": 104459984, "price": "54.59000000", "qty": "1.98300000", "quoteQty": "108.25197000", "time": 1692716254506, "isBuyerMaker": true, "isBestMatch": true}, {"id": 104459985, "price": "54.59000000", "qty": "3.68200000", "quoteQty": "201.00038000", "time": 1692716258469, "isBuyerMaker": true, "isBestMatch": true}, {"id": 104459986, "price": "54.59000000", "qty": "2.67700000", "quoteQty": "146.13743000", "time": 1692716258560, "isBuyerMaker": true, "isBestMatch": true}, {"id": 104459987, "price": "54.59000000", "qty": "0.11000000", "quoteQty": "6.00490000", "time": 1692716259044, "isBuyerMaker": true, "isBestMatch": true}, {"id": 104459988, "price": "54.59000000", "qty": "0.09200000", "quoteQty": "5.02228000", "time": 1692716265642, "isBuyerMaker": true, "isBestMatch": true}, {"id": 104459989, "price": "54.59000000", "qty": "2.08700000", "quoteQty": "113.92933000", "time": 1692716285856, "isBuyerMaker": true, "isBestMatch": true}, {"id": 104459990, "price": "54.59000000", "qty": "7.19800000", "quoteQty": "392.93882000", "time": 1692716285860, "isBuyerMaker": true, "isBestMatch": true}, {"id": 104459991, "price": "54.59000000", "qty": "11.36800000", "quoteQty": "620.57912000", "time": 1692716285862, "isBuyerMaker": true, "isBestMatch": true}, {"id": 104459992, "price": "54.59000000", "qty": "8.79100000", "quoteQty": "479.90069000", "time": 1692716285864, "isBuyerMaker": true, "isBestMatch": true}, {"id": 104459993, "price": "54.59000000", "qty": "9.78400000", "quoteQty": "534.10856000", "time": 1692716285866, "isBuyerMaker": true, "isBestMatch": true}, {"id": 104459994, "price": "54.59000000", "qty": "2.57800000", "quoteQty": "140.73302000", "time": 1692716285866, "isBuyerMaker": true, "isBestMatch": true}, {"id": 104459995, "price": "54.59000000", "qty": "2.62200000", "quoteQty": "143.13498000", "time": 1692716285866, "isBuyerMaker": true, "isBestMatch": true}, {"id": 104459996, "price": "54.59000000", "qty": "0.37800000", "quoteQty": "20.63502000", "time": 1692716285866, "isBuyerMaker": true, "isBestMatch": true}, {"id": 104459997, "price": "54.59000000", "qty": "8.84800000", "quoteQty": "483.01232000", "time": 1692716285866, "isBuyerMaker": true, "isBestMatch": true}, {"id": 104459998, "price": "54.59000000", "qty": "11.47500000", "quoteQty": "626.42025000", "time": 1692716285868, "isBuyerMaker": true, "isBestMatch": true}, {"id": 104459999, "price": "54.59000000", "qty": "1.41400000", "quoteQty": "77.19026000", "time": 1692716285868, "isBuyerMaker": true, "isBestMatch": true}, {"id": 104460000, "price": "54.59000000", "qty": "3.64900000", "quoteQty": "199.19891000", "time": 1692716285868, "isBuyerMaker": true, "isBestMatch": true}, {"id": 104460001, "price": "54.59000000", "qty": "4.61400000", "quoteQty": "251.87826000", "time": 1692716285869, "isBuyerMaker": true, "isBestMatch": true}, {"id": 104460002, "price": "54.59000000", "qty": "0.37800000", "quoteQty": "20.63502000", "time": 1692716285869, "isBuyerMaker": true, "isBestMatch": true}, {"id": 104460003, "price": "54.59000000", "qty": "0.37800000", "quoteQty": "20.63502000", "time": 1692716285869, "isBuyerMaker": true, "isBestMatch": true}, {"id": 104460004, "price": "54.59000000", "qty": "0.37800000", "quoteQty": "20.63502000", "time": 1692716285869, "isBuyerMaker": true, "isBestMatch": true}, {"id": 104460005, "price": "54.59000000", "qty": "0.37800000", "quoteQty": "20.63502000", "time": 1692716285869, "isBuyerMaker": true, "isBestMatch": true}, {"id": 104460006, "price": "54.59000000", "qty": "0.32000000", "quoteQty": "17.46880000", "time": 1692716285869, "isBuyerMaker": true, "isBestMatch": true}, {"id": 104460007, "price": "54.56000000", "qty": "1.70800000", "quoteQty": "93.18848000", "time": 1692716289506, "isBuyerMaker": true, "isBestMatch": true}, {"id": 104460008, "price": "54.56000000", "qty": "0.31600000", "quoteQty": "17.24096000", "time": 1692716314329, "isBuyerMaker": true, "isBestMatch": true}, {"id": 104460009, "price": "54.56000000", "qty": "1.15600000", "quoteQty": "63.07136000", "time": 1692716319506, "isBuyerMaker": true, "isBestMatch": true}, {"id": 104460010, "price": "54.56000000", "qty": "0.42200000", "quoteQty": "23.02432000", "time": 1692716319506, "isBuyerMaker": true, "isBestMatch": true}, {"id": 104460011, "price": "54.56000000", "qty": "21.76000000", "quoteQty": "1187.22560000", "time": 1692716325098, "isBuyerMaker": true, "isBestMatch": true}, {"id": 104460012, "price": "54.56000000", "qty": "7.81800000", "quoteQty": "426.55008000", "time": 1692716325205, "isBuyerMaker": true, "isBestMatch": true}, {"id": 104460013, "price": "54.56000000", "qty": "0.58300000", "quoteQty": "31.80848000", "time": 1692716325205, "isBuyerMaker": true, "isBestMatch": true}, {"id": 104460014, "price": "54.56000000", "qty": "0.42200000", "quoteQty": "23.02432000", "time": 1692716325205, "isBuyerMaker": true, "isBestMatch": true}, {"id": 104460015, "price": "54.56000000", "qty": "0.58300000", "quoteQty": "31.80848000", "time": 1692716325314, "isBuyerMaker": true, "isBestMatch": true}, {"id": 104460016, "price": "54.56000000", "qty": "0.58300000", "quoteQty": "31.80848000", "time": 1692716325461, "isBuyerMaker": true, "isBestMatch": true}, {"id": 104460017, "price": "54.56000000", "qty": "0.58300000", "quoteQty": "31.80848000", "time": 1692716329748, "isBuyerMaker": true, "isBestMatch": true}, {"id": 104460018, "price": "54.56000000", "qty": "1.05400000", "quoteQty": "57.50624000", "time": 1692716329748, "isBuyerMaker": true, "isBestMatch": true}, {"id": 104460019, "price": "54.56000000", "qty": "1.91600000", "quoteQty": "104.53696000", "time": 1692716329750, "isBuyerMaker": true, "isBestMatch": true}, {"id": 104460020, "price": "54.56000000", "qty": "3.18000000", "quoteQty": "173.50080000", "time": 1692716329771, "isBuyerMaker": true, "isBestMatch": true}, {"id": 104460021, "price": "54.56000000", "qty": "4.72700000", "quoteQty": "257.90512000", "time": 1692716329772, "isBuyerMaker": true, "isBestMatch": true}, {"id": 104460022, "price": "54.56000000", "qty": "1.95700000", "quoteQty": "106.77392000", "time": 1692716329776, "isBuyerMaker": true, "isBestMatch": true}, {"id": 104460023, "price": "54.56000000", "qty": "1.68700000", "quoteQty": "92.04272000", "time": 1692716329778, "isBuyerMaker": true, "isBestMatch": true}, {"id": 104460024, "price": "54.56000000", "qty": "6.77400000", "quoteQty": "369.58944000", "time": 1692716329781, "isBuyerMaker": true, "isBestMatch": true}, {"id": 104460025, "price": "54.56000000", "qty": "8.70500000", "quoteQty": "474.94480000", "time": 1692716329782, "isBuyerMaker": true, "isBestMatch": true}, {"id": 104460026, "price": "54.56000000", "qty": "0.34100000", "quoteQty": "18.60496000", "time": 1692716329782, "isBuyerMaker": true, "isBestMatch": true}, {"id": 104460027, "price": "54.56000000", "qty": "0.21800000", "quoteQty": "11.89408000", "time": 1692716329785, "isBuyerMaker": true, "isBestMatch": true}, {"id": 104460028, "price": "54.56000000", "qty": "0.02400000", "quoteQty": "1.30944000", "time": 1692716329832, "isBuyerMaker": true, "isBestMatch": true}, {"id": 104460029, "price": "54.56000000", "qty": "0.07600000", "quoteQty": "4.14656000", "time": 1692716329832, "isBuyerMaker": true, "isBestMatch": true}, {"id": 104460030, "price": "54.56000000", "qty": "0.05900000", "quoteQty": "3.21904000", "time": 1692716329832, "isBuyerMaker": true, "isBestMatch": true}, {"id": 104460031, "price": "54.55000000", "qty": "0.04100000", "quoteQty": "2.23655000", "time": 1692716329832, "isBuyerMaker": true, "isBestMatch": true}, {"id": 104460032, "price": "54.55000000", "qty": "0.10000000", "quoteQty": "5.45500000", "time": 1692716329834, "isBuyerMaker": true, "isBestMatch": true}, {"id": 104460033, "price": "54.55000000", "qty": "0.08800000", "quoteQty": "4.80040000", "time": 1692716329884, "isBuyerMaker": true, "isBestMatch": true}, {"id": 104460034, "price": "54.54000000", "qty": "0.01200000", "quoteQty": "0.65448000", "time": 1692716329884, "isBuyerMaker": true, "isBestMatch": true}, {"id": 104460035, "price": "54.55000000", "qty": "1.00000000", "quoteQty": "54.55000000", "time": 1692716337636, "isBuyerMaker": false, "isBestMatch": true}, {"id": 104460036, "price": "54.55000000", "qty": "6.36200000", "quoteQty": "347.04710000", "time": 1692716338090, "isBuyerMaker": false, "isBestMatch": true}, {"id": 104460037, "price": "54.55000000", "qty": "2.36100000", "quoteQty": "128.79255000", "time": 1692716338093, "isBuyerMaker": false, "isBestMatch": true}, {"id": 104460038, "price": "54.55000000", "qty": "0.27700000", "quoteQty": "15.11035000", "time": 1692716338096, "isBuyerMaker": false, "isBestMatch": true}, {"id": 104460039, "price": "54.55000000", "qty": "0.82200000", "quoteQty": "44.84010000", "time": 1692716338096, "isBuyerMaker": false, "isBestMatch": true}, {"id": 104460040, "price": "54.55000000", "qty": "3.84000000", "quoteQty": "209.47200000", "time": 1692716338097, "isBuyerMaker": false, "isBestMatch": true}, {"id": 104460041, "price": "54.56000000", "qty": "0.25600000", "quoteQty": "13.96736000", "time": 1692716354506, "isBuyerMaker": true, "isBestMatch": true}, {"id": 104460042, "price": "54.56000000", "qty": "0.25600000", "quoteQty": "13.96736000", "time": 1692716354506, "isBuyerMaker": true, "isBestMatch": true}, {"id": 104460043, "price": "54.56000000", "qty": "0.25600000", "quoteQty": "13.96736000", "time": 1692716354506, "isBuyerMaker": true, "isBestMatch": true}, {"id": 104460044, "price": "54.56000000", "qty": "0.25600000", "quoteQty": "13.96736000", "time": 1692716354506, "isBuyerMaker": true, "isBestMatch": true}, {"id": 104460045, "price": "54.56000000", "qty": "0.24100000", "quoteQty": "13.14896000", "time": 1692716354506, "isBuyerMaker": true, "isBestMatch": true}, {"id": 104460046, "price": "54.57000000", "qty": "1.97100000", "quoteQty": "107.55747000", "time": 1692716379506, "isBuyerMaker": true, "isBestMatch": true}, {"id": 104460047, "price": "54.58000000", "qty": "10.66300000", "quoteQty": "581.98654000", "time": 1692716400368, "isBuyerMaker": false, "isBestMatch": true}, {"id": 104460048, "price": "54.58000000", "qty": "2.06100000", "quoteQty": "112.48938000", "time": 1692716400389, "isBuyerMaker": false, "isBestMatch": true}, {"id": 104460049, "price": "54.58000000", "qty": "7.06300000", "quoteQty": "385.49854000", "time": 1692716400389, "isBuyerMaker": false, "isBestMatch": true}, {"id": 104460050, "price": "54.58000000", "qty": "0.10900000", "quoteQty": "5.94922000", "time": 1692716400421, "isBuyerMaker": false, "isBestMatch": true}, {"id": 104460051, "price": "54.58000000", "qty": "0.29600000", "quoteQty": "16.15568000", "time": 1692716400915, "isBuyerMaker": true, "isBestMatch": true}, {"id": 104460052, "price": "54.58000000", "qty": "1.20900000", "quoteQty": "65.98722000", "time": 1692716404506, "isBuyerMaker": true, "isBestMatch": true}, {"id": 104460053, "price": "54.58000000", "qty": "0.37100000", "quoteQty": "20.24918000", "time": 1692716404506, "isBuyerMaker": true, "isBestMatch": true}, {"id": 104460054, "price": "54.58000000", "qty": "0.37100000", "quoteQty": "20.24918000", "time": 1692716404506, "isBuyerMaker": true, "isBestMatch": true}, {"id": 104460055, "price": "54.58000000", "qty": "0.30700000", "quoteQty": "16.75606000", "time": 1692716404506, "isBuyerMaker": true, "isBestMatch": true}, {"id": 104460056, "price": "54.59000000", "qty": "0.45000000", "quoteQty": "24.56550000", "time": 1692716427761, "isBuyerMaker": false, "isBestMatch": true}, {"id": 104460057, "price": "54.60000000", "qty": "0.69000000", "quoteQty": "37.67400000", "time": 1692716427761, "isBuyerMaker": false, "isBestMatch": true}, {"id": 104460058, "price": "54.60000000", "qty": "3.18000000", "quoteQty": "173.62800000", "time": 1692716427761, "isBuyerMaker": false, "isBestMatch": true}, {"id": 104460059, "price": "54.60000000", "qty": "0.19200000", "quoteQty": "10.48320000", "time": 1692716427761, "isBuyerMaker": false, "isBestMatch": true}, {"id": 104460060, "price": "54.60000000", "qty": "1.48400000", "quoteQty": "81.02640000", "time": 1692716427785, "isBuyerMaker": true, "isBestMatch": true}, {"id": 104460061, "price": "54.60000000", "qty": "0.38200000", "quoteQty": "20.85720000", "time": 1692716439506, "isBuyerMaker": true, "isBestMatch": true}, {"id": 104460062, "price": "54.60000000", "qty": "0.38200000", "quoteQty": "20.85720000", "time": 1692716439506, "isBuyerMaker": true, "isBestMatch": true}, {"id": 104460063, "price": "54.60000000", "qty": "0.38200000", "quoteQty": "20.85720000", "time": 1692716439506, "isBuyerMaker": true, "isBestMatch": true}, {"id": 104460064, "price": "54.60000000", "qty": "0.24200000", "quoteQty": "13.21320000", "time": 1692716439506, "isBuyerMaker": true, "isBestMatch": true}, {"id": 104460065, "price": "54.60000000", "qty": "0.14000000", "quoteQty": "7.64400000", "time": 1692716443684, "isBuyerMaker": true, "isBestMatch": true}, {"id": 104460066, "price": "54.60000000", "qty": "0.38200000", "quoteQty": "20.85720000", "time": 1692716443872, "isBuyerMaker": true, "isBestMatch": true}, {"id": 104460067, "price": "54.60000000", "qty": "0.07700000", "quoteQty": "4.20420000", "time": 1692716444614, "isBuyerMaker": true, "isBestMatch": true}, {"id": 104460068, "price": "54.59000000", "qty": "0.03100000", "quoteQty": "1.69229000", "time": 1692716444614, "isBuyerMaker": true, "isBestMatch": true}, {"id": 104460069, "price": "54.59000000", "qty": "0.14500000", "quoteQty": "7.91555000", "time": 1692716450839, "isBuyerMaker": false, "isBestMatch": true}, {"id": 104460070, "price": "54.59000000", "qty": "0.29400000", "quoteQty": "16.04946000", "time": 1692716455435, "isBuyerMaker": true, "isBestMatch": true}, {"id": 104460071, "price": "54.60000000", "qty": "6.00000000", "quoteQty": "327.60000000", "time": 1692716455562, "isBuyerMaker": false, "isBestMatch": true}, {"id": 104460072, "price": "54.60000000", "qty": "1.20400000", "quoteQty": "65.73840000", "time": 1692716455563, "isBuyerMaker": false, "isBestMatch": true}, {"id": 104460073, "price": "54.60000000", "qty": "4.18300000", "quoteQty": "228.39180000", "time": 1692716455563, "isBuyerMaker": false, "isBestMatch": true}, {"id": 104460074, "price": "54.61000000", "qty": "0.24700000", "quoteQty": "13.48867000", "time": 1692716457256, "isBuyerMaker": false, "isBestMatch": true}, {"id": 104460075, "price": "54.61000000", "qty": "0.04300000", "quoteQty": "2.34823000", "time": 1692716457256, "isBuyerMaker": false, "isBestMatch": true}, {"id": 104460076, "price": "54.61000000", "qty": "0.32800000", "quoteQty": "17.91208000", "time": 1692716460542, "isBuyerMaker": false, "isBestMatch": true}, {"id": 104460077, "price": "54.61000000", "qty": "0.16700000", "quoteQty": "9.11987000", "time": 1692716461573, "isBuyerMaker": true, "isBestMatch": true}, {"id": 104460078, "price": "54.61000000", "qty": "0.09200000", "quoteQty": "5.02412000", "time": 1692716467175, "isBuyerMaker": true, "isBestMatch": true}, {"id": 104460079, "price": "54.61000000", "qty": "0.12800000", "quoteQty": "6.99008000", "time": 1692716470231, "isBuyerMaker": true, "isBestMatch": true}, {"id": 104460080, "price": "54.61000000", "qty": "0.26500000", "quoteQty": "14.47165000", "time": 1692716479506, "isBuyerMaker": true, "isBestMatch": true}, {"id": 104460081, "price": "54.61000000", "qty": "0.39300000", "quoteQty": "21.46173000", "time": 1692716479506, "isBuyerMaker": true, "isBestMatch": true}, {"id": 104460082, "price": "54.61000000", "qty": "0.29200000", "quoteQty": "15.94612000", "time": 1692716479506, "isBuyerMaker": true, "isBestMatch": true}, {"id": 104460083, "price": "54.62000000", "qty": "0.24600000", "quoteQty": "13.43652000", "time": 1692716484388, "isBuyerMaker": false, "isBestMatch": true}, {"id": 104460084, "price": "54.61000000", "qty": "0.09200000", "quoteQty": "5.02412000", "time": 1692716488590, "isBuyerMaker": true, "isBestMatch": true}, {"id": 104460085, "price": "54.61000000", "qty": "0.00900000", "quoteQty": "0.49149000", "time": 1692716491311, "isBuyerMaker": true, "isBestMatch": true}, {"id": 104460086, "price": "54.61000000", "qty": "3.17100000", "quoteQty": "173.16831000", "time": 1692716491311, "isBuyerMaker": true, "isBestMatch": true}, {"id": 104460087, "price": "54.61000000", "qty": "11.09400000", "quoteQty": "605.84334000", "time": 1692716491312, "isBuyerMaker": true, "isBestMatch": true}, {"id": 104460088, "price": "54.61000000", "qty": "13.79100000", "quoteQty": "753.12651000", "time": 1692716491317, "isBuyerMaker": true, "isBestMatch": true}, {"id": 104460089, "price": "54.61000000", "qty": "1.59600000", "quoteQty": "87.15756000", "time": 1692716491317, "isBuyerMaker": true, "isBestMatch": true}, {"id": 104460090, "price": "54.61000000", "qty": "0.34800000", "quoteQty": "19.00428000", "time": 1692716491318, "isBuyerMaker": true, "isBestMatch": true}, {"id": 104460091, "price": "54.61000000", "qty": "0.39300000", "quoteQty": "21.46173000", "time": 1692716491318, "isBuyerMaker": true, "isBestMatch": true}, {"id": 104460092, "price": "54.61000000", "qty": "0.39300000", "quoteQty": "21.46173000", "time": 1692716491318, "isBuyerMaker": true, "isBestMatch": true}, {"id": 104460093, "price": "54.61000000", "qty": "0.11000000", "quoteQty": "6.00710000", "time": 1692716491318, "isBuyerMaker": true, "isBestMatch": true}, {"id": 104460094, "price": "54.60000000", "qty": "0.40300000", "quoteQty": "22.00380000", "time": 1692716494506, "isBuyerMaker": true, "isBestMatch": true}, {"id": 104460095, "price": "54.60000000", "qty": "1.93700000", "quoteQty": "105.76020000", "time": 1692716494506, "isBuyerMaker": true, "isBestMatch": true}, {"id": 104460096, "price": "54.61000000", "qty": "4.40000000", "quoteQty": "240.28400000", "time": 1692716502270, "isBuyerMaker": false, "isBestMatch": true}, {"id": 104460097, "price": "54.62000000", "qty": "0.32100000", "quoteQty": "17.53302000", "time": 1692716516918, "isBuyerMaker": false, "isBestMatch": true}, {"id": 104460098, "price": "54.63000000", "qty": "0.22100000", "quoteQty": "12.07323000", "time": 1692716516918, "isBuyerMaker": false, "isBestMatch": true}, {"id": 104460099, "price": "54.63000000", "qty": "0.58700000", "quoteQty": "32.06781000", "time": 1692716516918, "isBuyerMaker": false, "isBestMatch": true}, {"id": 104460100, "price": "54.63000000", "qty": "6.98300000", "quoteQty": "381.48129000", "time": 1692716516918, "isBuyerMaker": false, "isBestMatch": true}, {"id": 104460101, "price": "54.63000000", "qty": "2.32800000", "quoteQty": "127.17864000", "time": 1692716516919, "isBuyerMaker": false, "isBestMatch": true}, {"id": 104460102, "price": "54.63000000", "qty": "25.95700000", "quoteQty": "1418.03091000", "time": 1692716516921, "isBuyerMaker": false, "isBestMatch": true}, {"id": 104460103, "price": "54.63000000", "qty": "13.94800000", "quoteQty": "761.97924000", "time": 1692716516923, "isBuyerMaker": false, "isBestMatch": true}, {"id": 104460104, "price": "54.63000000", "qty": "4.51700000", "quoteQty": "246.76371000", "time": 1692716516924, "isBuyerMaker": false, "isBestMatch": true}, {"id": 104460105, "price": "54.62000000", "qty": "0.73500000", "quoteQty": "40.14570000", "time": 1692716516925, "isBuyerMaker": true, "isBestMatch": true}, {"id": 104460106, "price": "54.63000000", "qty": "2.88900000", "quoteQty": "157.82607000", "time": 1692716516965, "isBuyerMaker": true, "isBestMatch": true}, {"id": 104460107, "price": "54.64000000", "qty": "0.45000000", "quoteQty": "24.58800000", "time": 1692716518627, "isBuyerMaker": false, "isBestMatch": true}, {"id": 104460108, "price": "54.64000000", "qty": "1.02900000", "quoteQty": "56.22456000", "time": 1692716518627, "isBuyerMaker": false, "isBestMatch": true}, {"id": 104460109, "price": "54.64000000", "qty": "0.22500000", "quoteQty": "12.29400000", "time": 1692716522175, "isBuyerMaker": false, "isBestMatch": true}, {"id": 104460110, "price": "54.64000000", "qty": "0.37800000", "quoteQty": "20.65392000", "time": 1692716522243, "isBuyerMaker": false, "isBestMatch": true}, {"id": 104460111, "price": "54.64000000", "qty": "0.33700000", "quoteQty": "18.41368000", "time": 1692716523305, "isBuyerMaker": false, "isBestMatch": true}, {"id": 104460112, "price": "54.64000000", "qty": "0.33100000", "quoteQty": "18.08584000", "time": 1692716523407, "isBuyerMaker": false, "isBestMatch": true}, {"id": 104460113, "price": "54.64000000", "qty": "0.02000000", "quoteQty": "1.09280000", "time": 1692716523407, "isBuyerMaker": false, "isBestMatch": true}, {"id": 104460114, "price": "54.64000000", "qty": "0.17200000", "quoteQty": "9.39808000", "time": 1692716523412, "isBuyerMaker": false, "isBestMatch": true}, {"id": 104460115, "price": "54.64000000", "qty": "0.06300000", "quoteQty": "3.44232000", "time": 1692716523412, "isBuyerMaker": false, "isBestMatch": true}, {"id": 104460116, "price": "54.64000000", "qty": "0.38500000", "quoteQty": "21.03640000", "time": 1692716523531, "isBuyerMaker": false, "isBestMatch": true}, {"id": 104460117, "price": "54.64000000", "qty": "0.23000000", "quoteQty": "12.56720000", "time": 1692716524211, "isBuyerMaker": false, "isBestMatch": true}, {"id": 104460118, "price": "54.63000000", "qty": "1.70400000", "quoteQty": "93.08952000", "time": 1692716524506, "isBuyerMaker": true, "isBestMatch": true}, {"id": 104460119, "price": "54.64000000", "qty": "0.46000000", "quoteQty": "25.13440000", "time": 1692716524554, "isBuyerMaker": false, "isBestMatch": true}, {"id": 104460120, "price": "54.65000000", "qty": "0.69100000", "quoteQty": "37.76315000", "time": 1692716524554, "isBuyerMaker": false, "isBestMatch": true}, {"id": 104460121, "price": "54.65000000", "qty": "0.45000000", "quoteQty": "24.59250000", "time": 1692716524554, "isBuyerMaker": false, "isBestMatch": true}, {"id": 104460122, "price": "54.66000000", "qty": "0.01700000", "quoteQty": "0.92922000", "time": 1692716524554, "isBuyerMaker": false, "isBestMatch": true}, {"id": 104460123, "price": "54.64000000", "qty": "0.12100000", "quoteQty": "6.61144000", "time": 1692716525310, "isBuyerMaker": true, "isBestMatch": true}, {"id": 104460124, "price": "54.65000000", "qty": "0.27400000", "quoteQty": "14.97410000", "time": 1692716526275, "isBuyerMaker": false, "isBestMatch": true}, {"id": 104460125, "price": "54.65000000", "qty": "2.92700000", "quoteQty": "159.96055000", "time": 1692716526278, "isBuyerMaker": false, "isBestMatch": true}, {"id": 104460126, "price": "54.65000000", "qty": "0.27400000", "quoteQty": "14.97410000", "time": 1692716526279, "isBuyerMaker": false, "isBestMatch": true}, {"id": 104460127, "price": "54.65000000", "qty": "0.21900000", "quoteQty": "11.96835000", "time": 1692716526280, "isBuyerMaker": false, "isBestMatch": true}, {"id": 104460128, "price": "54.65000000", "qty": "0.69000000", "quoteQty": "37.70850000", "time": 1692716535221, "isBuyerMaker": true, "isBestMatch": true}, {"id": 104460129, "price": "54.65000000", "qty": "1.93700000", "quoteQty": "105.85705000", "time": 1692716535221, "isBuyerMaker": true, "isBestMatch": true}, {"id": 104460130, "price": "54.65000000", "qty": "0.22600000", "quoteQty": "12.35090000", "time": 1692716535221, "isBuyerMaker": true, "isBestMatch": true}, {"id": 104460131, "price": "54.65000000", "qty": "0.21800000", "quoteQty": "11.91370000", "time": 1692716535228, "isBuyerMaker": true, "isBestMatch": true}, {"id": 104460132, "price": "54.65000000", "qty": "0.00700000", "quoteQty": "0.38255000", "time": 1692716535236, "isBuyerMaker": true, "isBestMatch": true}, {"id": 104460133, "price": "54.65000000", "qty": "0.54000000", "quoteQty": "29.51100000", "time": 1692716535236, "isBuyerMaker": true, "isBestMatch": true}, {"id": 104460134, "price": "54.65000000", "qty": "0.05100000", "quoteQty": "2.78715000", "time": 1692716535244, "isBuyerMaker": true, "isBestMatch": true}, {"id": 104460135, "price": "54.65000000", "qty": "0.38700000", "quoteQty": "21.14955000", "time": 1692716535244, "isBuyerMaker": true, "isBestMatch": true}, {"id": 104460136, "price": "54.65000000", "qty": "0.06400000", "quoteQty": "3.49760000", "time": 1692716541703, "isBuyerMaker": true, "isBestMatch": true}, {"id": 104460137, "price": "54.65000000", "qty": "1.93700000", "quoteQty": "105.85705000", "time": 1692716541703, "isBuyerMaker": true, "isBestMatch": true}, {"id": 104460138, "price": "54.65000000", "qty": "0.43800000", "quoteQty": "23.93670000", "time": 1692716541710, "isBuyerMaker": true, "isBestMatch": true}, {"id": 104460139, "price": "54.65000000", "qty": "0.01300000", "quoteQty": "0.71045000", "time": 1692716541710, "isBuyerMaker": true, "isBestMatch": true}, {"id": 104460140, "price": "54.65000000", "qty": "0.45100000", "quoteQty": "24.64715000", "time": 1692716541710, "isBuyerMaker": true, "isBestMatch": true}, {"id": 104460141, "price": "54.65000000", "qty": "0.45100000", "quoteQty": "24.64715000", "time": 1692716541710, "isBuyerMaker": true, "isBestMatch": true}, {"id": 104460142, "price": "54.65000000", "qty": "0.17900000", "quoteQty": "9.78235000", "time": 1692716541710, "isBuyerMaker": true, "isBestMatch": true}, {"id": 104460143, "price": "54.64000000", "qty": "0.15600000", "quoteQty": "8.52384000", "time": 1692716541710, "isBuyerMaker": true, "isBestMatch": true}, {"id": 104460144, "price": "54.64000000", "qty": "0.31100000", "quoteQty": "16.99304000", "time": 1692716542724, "isBuyerMaker": true, "isBestMatch": true}, {"id": 104460145, "price": "54.65000000", "qty": "1.00000000", "quoteQty": "54.65000000", "time": 1692716543700, "isBuyerMaker": false, "isBestMatch": true}, {"id": 104460146, "price": "54.64000000", "qty": "0.08400000", "quoteQty": "4.58976000", "time": 1692716546880, "isBuyerMaker": true, "isBestMatch": true}, {"id": 104460147, "price": "54.64000000", "qty": "1.93700000", "quoteQty": "105.83768000", "time": 1692716546880, "isBuyerMaker": true, "isBestMatch": true}, {"id": 104460148, "price": "54.64000000", "qty": "0.39500000", "quoteQty": "21.58280000", "time": 1692716546880, "isBuyerMaker": true, "isBestMatch": true}, {"id": 104460149, "price": "54.64000000", "qty": "0.39500000", "quoteQty": "21.58280000", "time": 1692716546880, "isBuyerMaker": true, "isBestMatch": true}, {"id": 104460150, "price": "54.64000000", "qty": "0.39500000", "quoteQty": "21.58280000", "time": 1692716546880, "isBuyerMaker": true, "isBestMatch": true}, {"id": 104460151, "price": "54.64000000", "qty": "0.39500000", "quoteQty": "21.58280000", "time": 1692716546880, "isBuyerMaker": true, "isBestMatch": true}, {"id": 104460152, "price": "54.64000000", "qty": "0.39500000", "quoteQty": "21.58280000", "time": 1692716546880, "isBuyerMaker": true, "isBestMatch": true}, {"id": 104460153, "price": "54.64000000", "qty": "0.21800000", "quoteQty": "11.91152000", "time": 1692716546889, "isBuyerMaker": true, "isBestMatch": true}, {"id": 104460154, "price": "54.64000000", "qty": "0.06300000", "quoteQty": "3.44232000", "time": 1692716546897, "isBuyerMaker": true, "isBestMatch": true}, {"id": 104460155, "price": "54.63000000", "qty": "0.04500000", "quoteQty": "2.45835000", "time": 1692716546897, "isBuyerMaker": true, "isBestMatch": true}, {"id": 104460156, "price": "54.64000000", "qty": "3.18000000", "quoteQty": "173.75520000", "time": 1692716548224, "isBuyerMaker": true, "isBestMatch": true}, {"id": 104460157, "price": "54.64000000", "qty": "7.14000000", "quoteQty": "390.12960000", "time": 1692716548224, "isBuyerMaker": true, "isBestMatch": true}, {"id": 104460158, "price": "54.64000000", "qty": "5.58400000", "quoteQty": "305.10976000", "time": 1692716548234, "isBuyerMaker": true, "isBestMatch": true}, {"id": 104460159, "price": "54.64000000", "qty": "11.63300000", "quoteQty": "635.62712000", "time": 1692716548234, "isBuyerMaker": true, "isBestMatch": true}, {"id": 104460160, "price": "54.64000000", "qty": "0.34900000", "quoteQty": "19.06936000", "time": 1692716548234, "isBuyerMaker": true, "isBestMatch": true}, {"id": 104460161, "price": "54.64000000", "qty": "0.03800000", "quoteQty": "2.07632000", "time": 1692716548239, "isBuyerMaker": true, "isBestMatch": true}, {"id": 104460162, "price": "54.64000000", "qty": "0.07000000", "quoteQty": "3.82480000", "time": 1692716548239, "isBuyerMaker": true, "isBestMatch": true}, {"id": 104460163, "price": "54.64000000", "qty": "0.31700000", "quoteQty": "17.32088000", "time": 1692716548245, "isBuyerMaker": true, "isBestMatch": true}, {"id": 104460164, "price": "54.64000000", "qty": "0.38100000", "quoteQty": "20.81784000", "time": 1692716548245, "isBuyerMaker": true, "isBestMatch": true}, {"id": 104460165, "price": "54.64000000", "qty": "0.38700000", "quoteQty": "21.14568000", "time": 1692716548245, "isBuyerMaker": true, "isBestMatch": true}, {"id": 104460166, "price": "54.64000000", "qty": "0.38700000", "quoteQty": "21.14568000", "time": 1692716548245, "isBuyerMaker": true, "isBestMatch": true}, {"id": 104460167, "price": "54.64000000", "qty": "0.38700000", "quoteQty": "21.14568000", "time": 1692716548245, "isBuyerMaker": true, "isBestMatch": true}, {"id": 104460168, "price": "54.64000000", "qty": "0.04800000", "quoteQty": "2.62272000", "time": 1692716548245, "isBuyerMaker": true, "isBestMatch": true}, {"id": 104460169, "price": "54.63000000", "qty": "15.33200000", "quoteQty": "837.58716000", "time": 1692716548245, "isBuyerMaker": true, "isBestMatch": true}, {"id": 104460170, "price": "54.65000000", "qty": "2.79900000", "quoteQty": "152.96535000", "time": 1692716548255, "isBuyerMaker": false, "isBestMatch": true}, {"id": 104460171, "price": "54.65000000", "qty": "3.20100000", "quoteQty": "174.93465000", "time": 1692716548255, "isBuyerMaker": false, "isBestMatch": true}, {"id": 104460172, "price": "54.66000000", "qty": "2.60000000", "quoteQty": "142.11600000", "time": 1692716548267, "isBuyerMaker": false, "isBestMatch": true}, {"id": 104460173, "price": "54.66000000", "qty": "2.60000000", "quoteQty": "142.11600000", "time": 1692716548269, "isBuyerMaker": false, "isBestMatch": true}, {"id": 104460174, "price": "54.66000000", "qty": "2.60000000", "quoteQty": "142.11600000", "time": 1692716548272, "isBuyerMaker": false, "isBestMatch": true}, {"id": 104460175, "price": "54.66000000", "qty": "2.60000000", "quoteQty": "142.11600000", "time": 1692716548272, "isBuyerMaker": false, "isBestMatch": true}, {"id": 104460176, "price": "54.66000000", "qty": "16.79500000", "quoteQty": "918.01470000", "time": 1692716548306, "isBuyerMaker": false, "isBestMatch": true}, {"id": 104460177, "price": "54.66000000", "qty": "27.68900000", "quoteQty": "1513.48074000", "time": 1692716548312, "isBuyerMaker": false, "isBestMatch": true}, {"id": 104460178, "price": "54.66000000", "qty": "0.50000000", "quoteQty": "27.33000000", "time": 1692716548312, "isBuyerMaker": false, "isBestMatch": true}, {"id": 104460179, "price": "54.66000000", "qty": "0.25700000", "quoteQty": "14.04762000", "time": 1692716548312, "isBuyerMaker": false, "isBestMatch": true}, {"id": 104460180, "price": "54.66000000", "qty": "1.10000000", "quoteQty": "60.12600000", "time": 1692716548312, "isBuyerMaker": false, "isBestMatch": true}, {"id": 104460181, "price": "54.66000000", "qty": "0.45000000", "quoteQty": "24.59700000", "time": 1692716548312, "isBuyerMaker": false, "isBestMatch": true}, {"id": 104460182, "price": "54.66000000", "qty": "0.63100000", "quoteQty": "34.49046000", "time": 1692716548312, "isBuyerMaker": false, "isBestMatch": true}, {"id": 104460183, "price": "54.66000000", "qty": "2.26900000", "quoteQty": "124.02354000", "time": 1692716548320, "isBuyerMaker": false, "isBestMatch": true}, {"id": 104460184, "price": "54.67000000", "qty": "0.03500000", "quoteQty": "1.91345000", "time": 1692716548320, "isBuyerMaker": false, "isBestMatch": true}, {"id": 104460185, "price": "54.67000000", "qty": "0.18600000", "quoteQty": "10.16862000", "time": 1692716548370, "isBuyerMaker": false, "isBestMatch": true}, {"id": 104460186, "price": "54.67000000", "qty": "5.30000000", "quoteQty": "289.75100000", "time": 1692716548370, "isBuyerMaker": false, "isBestMatch": true}, {"id": 104460187, "price": "54.67000000", "qty": "0.53000000", "quoteQty": "28.97510000", "time": 1692716548378, "isBuyerMaker": false, "isBestMatch": true}, {"id": 104460188, "price": "54.67000000", "qty": "8.33900000", "quoteQty": "455.89313000", "time": 1692716548385, "isBuyerMaker": false, "isBestMatch": true}, {"id": 104460189, "price": "54.67000000", "qty": "4.38500000", "quoteQty": "239.72795000", "time": 1692716548394, "isBuyerMaker": false, "isBestMatch": true}, {"id": 104460190, "price": "54.68000000", "qty": "0.28200000", "quoteQty": "15.41976000", "time": 1692716548394, "isBuyerMaker": false, "isBestMatch": true}, {"id": 104460191, "price": "54.68000000", "qty": "0.31500000", "quoteQty": "17.22420000", "time": 1692716548394, "isBuyerMaker": false, "isBestMatch": true}, {"id": 104460192, "price": "54.68000000", "qty": "0.55000000", "quoteQty": "30.07400000", "time": 1692716548394, "isBuyerMaker": false, "isBestMatch": true}, {"id": 104460193, "price": "54.68000000", "qty": "0.61200000", "quoteQty": "33.46416000", "time": 1692716548394, "isBuyerMaker": false, "isBestMatch": true}, {"id": 104460194, "price": "54.68000000", "qty": "2.78800000", "quoteQty": "152.44784000", "time": 1692716548404, "isBuyerMaker": false, "isBestMatch": true}, {"id": 104460195, "price": "54.68000000", "qty": "3.79500000", "quoteQty": "207.51060000", "time": 1692716548404, "isBuyerMaker": false, "isBestMatch": true}, {"id": 104460196, "price": "54.68000000", "qty": "0.44000000", "quoteQty": "24.05920000", "time": 1692716548414, "isBuyerMaker": true, "isBestMatch": true}, {"id": 104460197, "price": "54.67000000", "qty": "0.21200000", "quoteQty": "11.59004000", "time": 1692716548414, "isBuyerMaker": true, "isBestMatch": true}, {"id": 104460198, "price": "54.67000000", "qty": "0.22800000", "quoteQty": "12.46476000", "time": 1692716548825, "isBuyerMaker": true, "isBestMatch": true}, {"id": 104460199, "price": "54.67000000", "qty": "0.24900000", "quoteQty": "13.61283000", "time": 1692716548825, "isBuyerMaker": true, "isBestMatch": true}, {"id": 104460200, "price": "54.67000000", "qty": "0.01800000", "quoteQty": "0.98406000", "time": 1692716548825, "isBuyerMaker": true, "isBestMatch": true}, {"id": 104460201, "price": "54.67000000", "qty": "0.10800000", "quoteQty": "5.90436000", "time": 1692716549894, "isBuyerMaker": true, "isBestMatch": true}, {"id": 104460202, "price": "54.67000000", "qty": "2.67400000", "quoteQty": "146.18758000", "time": 1692716549899, "isBuyerMaker": true, "isBestMatch": true}, {"id": 104460203, "price": "54.67000000", "qty": "7.68400000", "quoteQty": "420.08428000", "time": 1692716549899, "isBuyerMaker": true, "isBestMatch": true}, {"id": 104460204, "price": "54.67000000", "qty": "9.63000000", "quoteQty": "526.47210000", "time": 1692716549900, "isBuyerMaker": true, "isBestMatch": true}, {"id": 104460205, "price": "54.65000000", "qty": "0.53400000", "quoteQty": "29.18310000", "time": 1692716550152, "isBuyerMaker": true, "isBestMatch": true}, {"id": 104460206, "price": "54.65000000", "qty": "0.22100000", "quoteQty": "12.07765000", "time": 1692716550152, "isBuyerMaker": true, "isBestMatch": true}, {"id": 104460207, "price": "54.65000000", "qty": "0.34100000", "quoteQty": "18.63565000", "time": 1692716550152, "isBuyerMaker": true, "isBestMatch": true}, {"id": 104460208, "price": "54.65000000", "qty": "0.06200000", "quoteQty": "3.38830000", "time": 1692716550158, "isBuyerMaker": true, "isBestMatch": true}, {"id": 104460209, "price": "54.64000000", "qty": "0.04600000", "quoteQty": "2.51344000", "time": 1692716550158, "isBuyerMaker": true, "isBestMatch": true}, {"id": 104460210, "price": "54.64000000", "qty": "0.32800000", "quoteQty": "17.92192000", "time": 1692716551938, "isBuyerMaker": true, "isBestMatch": true}, {"id": 104460211, "price": "54.64000000", "qty": "2.41400000", "quoteQty": "131.90096000", "time": 1692716551971, "isBuyerMaker": true, "isBestMatch": true}, {"id": 104460212, "price": "54.64000000", "qty": "0.05700000", "quoteQty": "3.11448000", "time": 1692716552343, "isBuyerMaker": true, "isBestMatch": true}, {"id": 104460213, "price": "54.64000000", "qty": "3.78400000", "quoteQty": "206.75776000", "time": 1692716552343, "isBuyerMaker": true, "isBestMatch": true}, {"id": 104460214, "price": "54.64000000", "qty": "4.98300000", "quoteQty": "272.27112000", "time": 1692716553297, "isBuyerMaker": true, "isBestMatch": true}, {"id": 104460215, "price": "54.64000000", "qty": "10.64900000", "quoteQty": "581.86136000", "time": 1692716553299, "isBuyerMaker": true, "isBestMatch": true}, {"id": 104460216, "price": "54.64000000", "qty": "6.58600000", "quoteQty": "359.85904000", "time": 1692716553312, "isBuyerMaker": true, "isBestMatch": true}, {"id": 104460217, "price": "54.65000000", "qty": "0.39600000", "quoteQty": "21.64140000", "time": 1692716556931, "isBuyerMaker": false, "isBestMatch": true}, {"id": 104460218, "price": "54.65000000", "qty": "0.20200000", "quoteQty": "11.03930000", "time": 1692716556981, "isBuyerMaker": false, "isBestMatch": true}, {"id": 104460219, "price": "54.65000000", "qty": "0.09100000", "quoteQty": "4.97315000", "time": 1692716557150, "isBuyerMaker": false, "isBestMatch": true}, {"id": 104460220, "price": "54.65000000", "qty": "0.12500000", "quoteQty": "6.83125000", "time": 1692716557150, "isBuyerMaker": false, "isBestMatch": true}, {"id": 104460221, "price": "54.65000000", "qty": "0.47400000", "quoteQty": "25.90410000", "time": 1692716557167, "isBuyerMaker": false, "isBestMatch": true}, {"id": 104460222, "price": "54.65000000", "qty": "0.10500000", "quoteQty": "5.73825000", "time": 1692716557167, "isBuyerMaker": false, "isBestMatch": true}, {"id": 104460223, "price": "54.65000000", "qty": "0.12500000", "quoteQty": "6.83125000", "time": 1692716557217, "isBuyerMaker": false, "isBestMatch": true}, {"id": 104460224, "price": "54.66000000", "qty": "0.09200000", "quoteQty": "5.02872000", "time": 1692716557217, "isBuyerMaker": false, "isBestMatch": true}, {"id": 104460225, "price": "54.66000000", "qty": "0.21700000", "quoteQty": "11.86122000", "time": 1692716558097, "isBuyerMaker": false, "isBestMatch": true}, {"id": 104460226, "price": "54.66000000", "qty": "0.07200000", "quoteQty": "3.93552000", "time": 1692716558453, "isBuyerMaker": false, "isBestMatch": true}, {"id": 104460227, "price": "54.66000000", "qty": "0.14700000", "quoteQty": "8.03502000", "time": 1692716558453, "isBuyerMaker": false, "isBestMatch": true}, {"id": 104460228, "price": "54.66000000", "qty": "0.16400000", "quoteQty": "8.96424000", "time": 1692716558466, "isBuyerMaker": false, "isBestMatch": true}, {"id": 104460229, "price": "54.67000000", "qty": "0.05400000", "quoteQty": "2.95218000", "time": 1692716558466, "isBuyerMaker": false, "isBestMatch": true}, {"id": 104460230, "price": "54.67000000", "qty": "0.55100000", "quoteQty": "30.12317000", "time": 1692716558537, "isBuyerMaker": false, "isBestMatch": true}, {"id": 104460231, "price": "54.67000000", "qty": "0.22000000", "quoteQty": "12.02740000", "time": 1692716558573, "isBuyerMaker": false, "isBestMatch": true}, {"id": 104460232, "price": "54.67000000", "qty": "0.20200000", "quoteQty": "11.04334000", "time": 1692716559221, "isBuyerMaker": false, "isBestMatch": true}, {"id": 104460233, "price": "54.66000000", "qty": "0.31800000", "quoteQty": "17.38188000", "time": 1692716559506, "isBuyerMaker": true, "isBestMatch": true}, {"id": 104460234, "price": "54.66000000", "qty": "0.29600000", "quoteQty": "16.17936000", "time": 1692716559506, "isBuyerMaker": true, "isBestMatch": true}, {"id": 104460235, "price": "54.66000000", "qty": "0.31800000", "quoteQty": "17.38188000", "time": 1692716559506, "isBuyerMaker": true, "isBestMatch": true}, {"id": 104460236, "price": "54.66000000", "qty": "0.31800000", "quoteQty": "17.38188000", "time": 1692716559506, "isBuyerMaker": true, "isBestMatch": true}, {"id": 104460237, "price": "54.66000000", "qty": "0.31800000", "quoteQty": "17.38188000", "time": 1692716559506, "isBuyerMaker": true, "isBestMatch": true}, {"id": 104460238, "price": "54.66000000", "qty": "0.31800000", "quoteQty": "17.38188000", "time": 1692716559506, "isBuyerMaker": true, "isBestMatch": true}, {"id": 104460239, "price": "54.66000000", "qty": "0.26200000", "quoteQty": "14.32092000", "time": 1692716559506, "isBuyerMaker": true, "isBestMatch": true}, {"id": 104460240, "price": "54.67000000", "qty": "0.20200000", "quoteQty": "11.04334000", "time": 1692716559559, "isBuyerMaker": false, "isBestMatch": true}, {"id": 104460241, "price": "54.67000000", "qty": "0.22000000", "quoteQty": "12.02740000", "time": 1692716559594, "isBuyerMaker": false, "isBestMatch": true}, {"id": 104460242, "price": "54.67000000", "qty": "0.36500000", "quoteQty": "19.95455000", "time": 1692716559684, "isBuyerMaker": false, "isBestMatch": true}, {"id": 104460243, "price": "54.67000000", "qty": "0.25300000", "quoteQty": "13.83151000", "time": 1692716560460, "isBuyerMaker": false, "isBestMatch": true}, {"id": 104460244, "price": "54.67000000", "qty": "0.21700000", "quoteQty": "11.86339000", "time": 1692716560784, "isBuyerMaker": false, "isBestMatch": true}, {"id": 104460245, "price": "54.67000000", "qty": "0.20200000", "quoteQty": "11.04334000", "time": 1692716560865, "isBuyerMaker": false, "isBestMatch": true}, {"id": 104460246, "price": "54.67000000", "qty": "0.35300000", "quoteQty": "19.29851000", "time": 1692716560917, "isBuyerMaker": false, "isBestMatch": true}, {"id": 104460247, "price": "54.67000000", "qty": "0.16000000", "quoteQty": "8.74720000", "time": 1692716560937, "isBuyerMaker": false, "isBestMatch": true}, {"id": 104460248, "price": "54.66000000", "qty": "0.05600000", "quoteQty": "3.06096000", "time": 1692716561097, "isBuyerMaker": true, "isBestMatch": true}, {"id": 104460249, "price": "54.66000000", "qty": "0.29100000", "quoteQty": "15.90606000", "time": 1692716561097, "isBuyerMaker": true, "isBestMatch": true}, {"id": 104460250, "price": "54.67000000", "qty": "0.21100000", "quoteQty": "11.53537000", "time": 1692716561541, "isBuyerMaker": false, "isBestMatch": true}, {"id": 104460251, "price": "54.67000000", "qty": "0.21700000", "quoteQty": "11.86339000", "time": 1692716566990, "isBuyerMaker": false, "isBestMatch": true}, {"id": 104460252, "price": "54.67000000", "qty": "0.38400000", "quoteQty": "20.99328000", "time": 1692716573195, "isBuyerMaker": false, "isBestMatch": true}, {"id": 104460253, "price": "54.66000000", "qty": "0.02700000", "quoteQty": "1.47582000", "time": 1692716573319, "isBuyerMaker": true, "isBestMatch": true}, {"id": 104460254, "price": "54.66000000", "qty": "0.06500000", "quoteQty": "3.55290000", "time": 1692716573319, "isBuyerMaker": true, "isBestMatch": true}, {"id": 104460255, "price": "54.66000000", "qty": "0.10800000", "quoteQty": "5.90328000", "time": 1692716573493, "isBuyerMaker": true, "isBestMatch": true}, {"id": 104460256, "price": "54.66000000", "qty": "0.06500000", "quoteQty": "3.55290000", "time": 1692716573530, "isBuyerMaker": true, "isBestMatch": true}, {"id": 104460257, "price": "54.65000000", "qty": "0.04300000", "quoteQty": "2.34995000", "time": 1692716573530, "isBuyerMaker": true, "isBestMatch": true}, {"id": 104460258, "price": "54.65000000", "qty": "0.18700000", "quoteQty": "10.21955000", "time": 1692716573541, "isBuyerMaker": true, "isBestMatch": true}, {"id": 104460259, "price": "54.65000000", "qty": "0.46000000", "quoteQty": "25.13900000", "time": 1692716573541, "isBuyerMaker": true, "isBestMatch": true}, {"id": 104460260, "price": "54.65000000", "qty": "0.99800000", "quoteQty": "54.54070000", "time": 1692716573541, "isBuyerMaker": true, "isBestMatch": true}, {"id": 104460261, "price": "54.64000000", "qty": "0.07900000", "quoteQty": "4.31656000", "time": 1692716583160, "isBuyerMaker": true, "isBestMatch": true}, {"id": 104460262, "price": "54.64000000", "qty": "2.99400000", "quoteQty": "163.59216000", "time": 1692716583160, "isBuyerMaker": true, "isBestMatch": true}, {"id": 104460263, "price": "54.64000000", "qty": "9.69200000", "quoteQty": "529.57088000", "time": 1692716583223, "isBuyerMaker": true, "isBestMatch": true}, {"id": 104460264, "price": "54.64000000", "qty": "0.51800000", "quoteQty": "28.30352000", "time": 1692716583223, "isBuyerMaker": true, "isBestMatch": true}, {"id": 104460265, "price": "54.65000000", "qty": "0.20100000", "quoteQty": "10.98465000", "time": 1692716584346, "isBuyerMaker": false, "isBestMatch": true}, {"id": 104460266, "price": "54.64000000", "qty": "2.21000000", "quoteQty": "120.75440000", "time": 1692716584506, "isBuyerMaker": true, "isBestMatch": true}, {"id": 104460267, "price": "54.64000000", "qty": "12.99800000", "quoteQty": "710.21072000", "time": 1692716584861, "isBuyerMaker": true, "isBestMatch": true}, {"id": 104460268, "price": "54.64000000", "qty": "1.43600000", "quoteQty": "78.46304000", "time": 1692716584863, "isBuyerMaker": true, "isBestMatch": true}, {"id": 104460269, "price": "54.64000000", "qty": "0.07300000", "quoteQty": "3.98872000", "time": 1692716584865, "isBuyerMaker": true, "isBestMatch": true}, {"id": 104460270, "price": "54.64000000", "qty": "0.33900000", "quoteQty": "18.52296000", "time": 1692716584865, "isBuyerMaker": true, "isBestMatch": true}, {"id": 104460271, "price": "54.64000000", "qty": "0.33900000", "quoteQty": "18.52296000", "time": 1692716584865, "isBuyerMaker": true, "isBestMatch": true}, {"id": 104460272, "price": "54.64000000", "qty": "0.33900000", "quoteQty": "18.52296000", "time": 1692716584865, "isBuyerMaker": true, "isBestMatch": true}, {"id": 104460273, "price": "54.64000000", "qty": "0.33900000", "quoteQty": "18.52296000", "time": 1692716584865, "isBuyerMaker": true, "isBestMatch": true}, {"id": 104460274, "price": "54.64000000", "qty": "0.32600000", "quoteQty": "17.81264000", "time": 1692716584865, "isBuyerMaker": true, "isBestMatch": true}, {"id": 104460275, "price": "54.64000000", "qty": "0.01300000", "quoteQty": "0.71032000", "time": 1692716584881, "isBuyerMaker": true, "isBestMatch": true}, {"id": 104460276, "price": "54.64000000", "qty": "0.33900000", "quoteQty": "18.52296000", "time": 1692716584881, "isBuyerMaker": true, "isBestMatch": true}, {"id": 104460277, "price": "54.64000000", "qty": "0.33900000", "quoteQty": "18.52296000", "time": 1692716584881, "isBuyerMaker": true, "isBestMatch": true}, {"id": 104460278, "price": "54.64000000", "qty": "0.31600000", "quoteQty": "17.26624000", "time": 1692716584881, "isBuyerMaker": true, "isBestMatch": true}, {"id": 104460279, "price": "54.63000000", "qty": "0.22100000", "quoteQty": "12.07323000", "time": 1692716584882, "isBuyerMaker": true, "isBestMatch": true}, {"id": 104460280, "price": "54.63000000", "qty": "0.41200000", "quoteQty": "22.50756000", "time": 1692716584882, "isBuyerMaker": true, "isBestMatch": true}, {"id": 104460281, "price": "54.63000000", "qty": "0.13400000", "quoteQty": "7.32042000", "time": 1692716584882, "isBuyerMaker": true, "isBestMatch": true}, {"id": 104460282, "price": "54.66000000", "qty": "3.18000000", "quoteQty": "173.81880000", "time": 1692716609559, "isBuyerMaker": false, "isBestMatch": true}, {"id": 104460283, "price": "54.67000000", "qty": "0.99800000", "quoteQty": "54.56066000", "time": 1692716609726, "isBuyerMaker": false, "isBestMatch": true}, {"id": 104460284, "price": "54.68000000", "qty": "0.22100000", "quoteQty": "12.08428000", "time": 1692716609774, "isBuyerMaker": false, "isBestMatch": true}, {"id": 104460285, "price": "54.68000000", "qty": "0.34800000", "quoteQty": "19.02864000", "time": 1692716609774, "isBuyerMaker": false, "isBestMatch": true}, {"id": 104460286, "price": "54.69000000", "qty": "0.33100000", "quoteQty": "18.10239000", "time": 1692716609774, "isBuyerMaker": false, "isBestMatch": true}, {"id": 104460287, "price": "54.69000000", "qty": "0.90000000", "quoteQty": "49.22100000", "time": 1692716609778, "isBuyerMaker": false, "isBestMatch": true}, {"id": 104460288, "price": "54.69000000", "qty": "0.90000000", "quoteQty": "49.22100000", "time": 1692716609785, "isBuyerMaker": false, "isBestMatch": true}, {"id": 104460289, "price": "54.69000000", "qty": "0.90000000", "quoteQty": "49.22100000", "time": 1692716609790, "isBuyerMaker": false, "isBestMatch": true}, {"id": 104460290, "price": "54.69000000", "qty": "2.39100000", "quoteQty": "130.76379000", "time": 1692716609795, "isBuyerMaker": false, "isBestMatch": true}, {"id": 104460291, "price": "54.69000000", "qty": "0.60800000", "quoteQty": "33.25152000", "time": 1692716609795, "isBuyerMaker": false, "isBestMatch": true}, {"id": 104460292, "price": "54.68000000", "qty": "0.18300000", "quoteQty": "10.00644000", "time": 1692716610221, "isBuyerMaker": true, "isBestMatch": true}, {"id": 104460293, "price": "54.69000000", "qty": "0.70900000", "quoteQty": "38.77521000", "time": 1692716616023, "isBuyerMaker": false, "isBestMatch": true}, {"id": 104460294, "price": "54.69000000", "qty": "0.45700000", "quoteQty": "24.99333000", "time": 1692716616400, "isBuyerMaker": false, "isBestMatch": true}, {"id": 104460295, "price": "54.69000000", "qty": "0.20200000", "quoteQty": "11.04738000", "time": 1692716617760, "isBuyerMaker": false, "isBestMatch": true}, {"id": 104460296, "price": "54.69000000", "qty": "0.75300000", "quoteQty": "41.18157000", "time": 1692716619034, "isBuyerMaker": false, "isBestMatch": true}, {"id": 104460297, "price": "54.69000000", "qty": "0.51200000", "quoteQty": "28.00128000", "time": 1692716619990, "isBuyerMaker": false, "isBestMatch": true}, {"id": 104460298, "price": "54.69000000", "qty": "4.04100000", "quoteQty": "221.00229000", "time": 1692716619990, "isBuyerMaker": false, "isBestMatch": true}, {"id": 104460299, "price": "54.69000000", "qty": "0.26500000", "quoteQty": "14.49285000", "time": 1692716619997, "isBuyerMaker": false, "isBestMatch": true}, {"id": 104460300, "price": "54.69000000", "qty": "0.69000000", "quoteQty": "37.73610000", "time": 1692716619997, "isBuyerMaker": false, "isBestMatch": true}, {"id": 104460301, "price": "54.70000000", "qty": "0.64000000", "quoteQty": "35.00800000", "time": 1692716622169, "isBuyerMaker": false, "isBestMatch": true}, {"id": 104460302, "price": "54.70000000", "qty": "1.00200000", "quoteQty": "54.80940000", "time": 1692716622169, "isBuyerMaker": false, "isBestMatch": true}, {"id": 104460303, "price": "54.70000000", "qty": "0.16600000", "quoteQty": "9.08020000", "time": 1692716622205, "isBuyerMaker": false, "isBestMatch": true}, {"id": 104460304, "price": "54.71000000", "qty": "0.09200000", "quoteQty": "5.03332000", "time": 1692716623073, "isBuyerMaker": false, "isBestMatch": true}, {"id": 104460305, "price": "54.71000000", "qty": "0.50000000", "quoteQty": "27.35500000", "time": 1692716623073, "isBuyerMaker": false, "isBestMatch": true}, {"id": 104460306, "price": "54.71000000", "qty": "0.45000000", "quoteQty": "24.61950000", "time": 1692716623073, "isBuyerMaker": false, "isBestMatch": true}, {"id": 104460307, "price": "54.71000000", "qty": "0.19200000", "quoteQty": "10.50432000", "time": 1692716623073, "isBuyerMaker": false, "isBestMatch": true}, {"id": 104460308, "price": "54.72000000", "qty": "0.59300000", "quoteQty": "32.44896000", "time": 1692716623073, "isBuyerMaker": false, "isBestMatch": true}, {"id": 104460309, "price": "54.70000000", "qty": "0.12800000", "quoteQty": "7.00160000", "time": 1692716623827, "isBuyerMaker": true, "isBestMatch": true}, {"id": 104460310, "price": "54.70000000", "qty": "0.14600000", "quoteQty": "7.98620000", "time": 1692716626910, "isBuyerMaker": true, "isBestMatch": true}, {"id": 104460311, "price": "54.71000000", "qty": "0.38500000", "quoteQty": "21.06335000", "time": 1692716628948, "isBuyerMaker": true, "isBestMatch": true}, {"id": 104460312, "price": "54.71000000", "qty": "1.60700000", "quoteQty": "87.91897000", "time": 1692716634505, "isBuyerMaker": true, "isBestMatch": true}, {"id": 104460313, "price": "54.72000000", "qty": "0.22900000", "quoteQty": "12.53088000", "time": 1692716639403, "isBuyerMaker": false, "isBestMatch": true}, {"id": 104460314, "price": "54.72000000", "qty": "0.45000000", "quoteQty": "24.62400000", "time": 1692716639403, "isBuyerMaker": false, "isBestMatch": true}, {"id": 104460315, "price": "54.72000000", "qty": "0.41700000", "quoteQty": "22.81824000", "time": 1692716639403, "isBuyerMaker": false, "isBestMatch": true}, {"id": 104460316, "price": "54.72000000", "qty": "1.00000000", "quoteQty": "54.72000000", "time": 1692716642175, "isBuyerMaker": false, "isBestMatch": true}, {"id": 104460317, "price": "54.72000000", "qty": "3.19700000", "quoteQty": "174.93984000", "time": 1692716642179, "isBuyerMaker": false, "isBestMatch": true}, {"id": 104460318, "price": "54.72000000", "qty": "0.33100000", "quoteQty": "18.11232000", "time": 1692716645397, "isBuyerMaker": true, "isBestMatch": true}, {"id": 104460319, "price": "54.72000000", "qty": "0.13600000", "quoteQty": "7.44192000", "time": 1692716645642, "isBuyerMaker": true, "isBestMatch": true}, {"id": 104460320, "price": "54.73000000", "qty": "0.50000000", "quoteQty": "27.36500000", "time": 1692716651023, "isBuyerMaker": false, "isBestMatch": true}, {"id": 104460321, "price": "54.73000000", "qty": "0.32100000", "quoteQty": "17.56833000", "time": 1692716651023, "isBuyerMaker": false, "isBestMatch": true}, {"id": 104460322, "price": "54.73000000", "qty": "0.45000000", "quoteQty": "24.62850000", "time": 1692716651023, "isBuyerMaker": false, "isBestMatch": true}, {"id": 104460323, "price": "54.74000000", "qty": "0.54600000", "quoteQty": "29.88804000", "time": 1692716651647, "isBuyerMaker": false, "isBestMatch": true}, {"id": 104460324, "price": "54.74000000", "qty": "6.08800000", "quoteQty": "333.25712000", "time": 1692716651647, "isBuyerMaker": false, "isBestMatch": true}, {"id": 104460325, "price": "54.75000000", "qty": "0.99800000", "quoteQty": "54.64050000", "time": 1692716651661, "isBuyerMaker": false, "isBestMatch": true}, {"id": 104460326, "price": "54.75000000", "qty": "11.47800000", "quoteQty": "628.42050000", "time": 1692716651661, "isBuyerMaker": false, "isBestMatch": true}, {"id": 104460327, "price": "54.75000000", "qty": "5.87800000", "quoteQty": "321.82050000", "time": 1692716651661, "isBuyerMaker": false, "isBestMatch": true}, {"id": 104460328, "price": "54.75000000", "qty": "3.66200000", "quoteQty": "200.49450000", "time": 1692716651661, "isBuyerMaker": false, "isBestMatch": true}, {"id": 104460329, "price": "54.75000000", "qty": "9.13600000", "quoteQty": "500.19600000", "time": 1692716651661, "isBuyerMaker": false, "isBestMatch": true}, {"id": 104460330, "price": "54.75000000", "qty": "0.65700000", "quoteQty": "35.97075000", "time": 1692716651661, "isBuyerMaker": false, "isBestMatch": true}, {"id": 104460331, "price": "54.75000000", "qty": "7.10400000", "quoteQty": "388.94400000", "time": 1692716651664, "isBuyerMaker": false, "isBestMatch": true}, {"id": 104460332, "price": "54.75000000", "qty": "0.22100000", "quoteQty": "12.09975000", "time": 1692716651664, "isBuyerMaker": false, "isBestMatch": true}, {"id": 104460333, "price": "54.74000000", "qty": "2.11700000", "quoteQty": "115.88458000", "time": 1692716654506, "isBuyerMaker": true, "isBestMatch": true}, {"id": 104460334, "price": "54.74000000", "qty": "0.37700000", "quoteQty": "20.63698000", "time": 1692716656430, "isBuyerMaker": true, "isBestMatch": true}, {"id": 104460335, "price": "54.74000000", "qty": "0.36000000", "quoteQty": "19.70640000", "time": 1692716656430, "isBuyerMaker": true, "isBestMatch": true}, {"id": 104460336, "price": "54.74000000", "qty": "3.19800000", "quoteQty": "175.05852000", "time": 1692716656430, "isBuyerMaker": true, "isBestMatch": true}, {"id": 104460337, "price": "54.74000000", "qty": "0.36000000", "quoteQty": "19.70640000", "time": 1692716686931, "isBuyerMaker": true, "isBestMatch": true}, {"id": 104460338, "price": "54.74000000", "qty": "8.32800000", "quoteQty": "455.87472000", "time": 1692716686931, "isBuyerMaker": true, "isBestMatch": true}, {"id": 104460339, "price": "54.74000000", "qty": "1.52000000", "quoteQty": "83.20480000", "time": 1692716686936, "isBuyerMaker": true, "isBestMatch": true}, {"id": 104460340, "price": "54.74000000", "qty": "8.97300000", "quoteQty": "491.18202000", "time": 1692716686936, "isBuyerMaker": true, "isBestMatch": true}, {"id": 104460341, "price": "54.74000000", "qty": "2.23300000", "quoteQty": "122.23442000", "time": 1692716686940, "isBuyerMaker": true, "isBestMatch": true}, {"id": 104460342, "price": "54.74000000", "qty": "2.88500000", "quoteQty": "157.92490000", "time": 1692716686941, "isBuyerMaker": true, "isBestMatch": true}, {"id": 104460343, "price": "54.74000000", "qty": "4.57700000", "quoteQty": "250.54498000", "time": 1692716686943, "isBuyerMaker": true, "isBestMatch": true}, {"id": 104460344, "price": "54.74000000", "qty": "1.48400000", "quoteQty": "81.23416000", "time": 1692716686944, "isBuyerMaker": true, "isBestMatch": true}, {"id": 104460345, "price": "54.74000000", "qty": "0.36000000", "quoteQty": "19.70640000", "time": 1692716686944, "isBuyerMaker": true, "isBestMatch": true}, {"id": 104460346, "price": "54.74000000", "qty": "0.36000000", "quoteQty": "19.70640000", "time": 1692716686945, "isBuyerMaker": true, "isBestMatch": true}, {"id": 104460347, "price": "54.74000000", "qty": "0.36000000", "quoteQty": "19.70640000", "time": 1692716686945, "isBuyerMaker": true, "isBestMatch": true}, {"id": 104460348, "price": "54.74000000", "qty": "0.36000000", "quoteQty": "19.70640000", "time": 1692716686945, "isBuyerMaker": true, "isBestMatch": true}, {"id": 104460349, "price": "54.74000000", "qty": "0.36000000", "quoteQty": "19.70640000", "time": 1692716686945, "isBuyerMaker": true, "isBestMatch": true}, {"id": 104460350, "price": "54.74000000", "qty": "0.36000000", "quoteQty": "19.70640000", "time": 1692716686945, "isBuyerMaker": true, "isBestMatch": true}, {"id": 104460351, "price": "54.74000000", "qty": "0.02300000", "quoteQty": "1.25902000", "time": 1692716686945, "isBuyerMaker": true, "isBestMatch": true}, {"id": 104460352, "price": "54.73000000", "qty": "0.34700000", "quoteQty": "18.99131000", "time": 1692716687687, "isBuyerMaker": true, "isBestMatch": true}, {"id": 104460353, "price": "54.73000000", "qty": "19.90300000", "quoteQty": "1089.29119000", "time": 1692716687687, "isBuyerMaker": true, "isBestMatch": true}, {"id": 104460354, "price": "54.73000000", "qty": "10.09700000", "quoteQty": "552.60881000", "time": 1692716687794, "isBuyerMaker": true, "isBestMatch": true}, {"id": 104460355, "price": "54.73000000", "qty": "0.34700000", "quoteQty": "18.99131000", "time": 1692716687794, "isBuyerMaker": true, "isBestMatch": true}, {"id": 104460356, "price": "54.73000000", "qty": "0.34700000", "quoteQty": "18.99131000", "time": 1692716688424, "isBuyerMaker": true, "isBestMatch": true}, {"id": 104460357, "price": "54.73000000", "qty": "0.34700000", "quoteQty": "18.99131000", "time": 1692716688479, "isBuyerMaker": true, "isBestMatch": true}, {"id": 104460358, "price": "54.73000000", "qty": "0.09200000", "quoteQty": "5.03516000", "time": 1692716688479, "isBuyerMaker": true, "isBestMatch": true}, {"id": 104460359, "price": "54.73000000", "qty": "0.25500000", "quoteQty": "13.95615000", "time": 1692716688550, "isBuyerMaker": true, "isBestMatch": true}, {"id": 104460360, "price": "54.73000000", "qty": "0.34700000", "quoteQty": "18.99131000", "time": 1692716689506, "isBuyerMaker": true, "isBestMatch": true}, {"id": 104460361, "price": "54.73000000", "qty": "0.34700000", "quoteQty": "18.99131000", "time": 1692716689506, "isBuyerMaker": true, "isBestMatch": true}, {"id": 104460362, "price": "54.73000000", "qty": "0.02600000", "quoteQty": "1.42298000", "time": 1692716689506, "isBuyerMaker": true, "isBestMatch": true}, {"id": 104460363, "price": "54.72000000", "qty": "0.68900000", "quoteQty": "37.70208000", "time": 1692716689506, "isBuyerMaker": true, "isBestMatch": true}, {"id": 104460364, "price": "54.70000000", "qty": "0.11800000", "quoteQty": "6.45460000", "time": 1692716689506, "isBuyerMaker": true, "isBestMatch": true}, {"id": 104460365, "price": "54.72000000", "qty": "0.65600000", "quoteQty": "35.89632000", "time": 1692716702450, "isBuyerMaker": false, "isBestMatch": true}, {"id": 104460366, "price": "54.72000000", "qty": "0.03300000", "quoteQty": "1.80576000", "time": 1692716703239, "isBuyerMaker": false, "isBestMatch": true}, {"id": 104460367, "price": "54.72000000", "qty": "0.62300000", "quoteQty": "34.09056000", "time": 1692716703239, "isBuyerMaker": false, "isBestMatch": true}, {"id": 104460368, "price": "54.72000000", "qty": "0.03300000", "quoteQty": "1.80576000", "time": 1692716703595, "isBuyerMaker": false, "isBestMatch": true}, {"id": 104460369, "price": "54.72000000", "qty": "0.62300000", "quoteQty": "34.09056000", "time": 1692716703595, "isBuyerMaker": false, "isBestMatch": true}, {"id": 104460370, "price": "54.72000000", "qty": "0.03300000", "quoteQty": "1.80576000", "time": 1692716703601, "isBuyerMaker": false, "isBestMatch": true}, {"id": 104460371, "price": "54.72000000", "qty": "0.22900000", "quoteQty": "12.53088000", "time": 1692716703601, "isBuyerMaker": false, "isBestMatch": true}, {"id": 104460372, "price": "54.73000000", "qty": "0.68900000", "quoteQty": "37.70897000", "time": 1692716714506, "isBuyerMaker": true, "isBestMatch": true}, {"id": 104460373, "price": "54.73000000", "qty": "0.34900000", "quoteQty": "19.10077000", "time": 1692716714506, "isBuyerMaker": true, "isBestMatch": true}, {"id": 104460374, "price": "54.73000000", "qty": "0.34900000", "quoteQty": "19.10077000", "time": 1692716714506, "isBuyerMaker": true, "isBestMatch": true}, {"id": 104460375, "price": "54.73000000", "qty": "0.04300000", "quoteQty": "2.35339000", "time": 1692716714506, "isBuyerMaker": true, "isBestMatch": true}, {"id": 104460376, "price": "54.73000000", "qty": "0.30600000", "quoteQty": "16.74738000", "time": 1692716715218, "isBuyerMaker": true, "isBestMatch": true}, {"id": 104460377, "price": "54.73000000", "qty": "0.34900000", "quoteQty": "19.10077000", "time": 1692716715221, "isBuyerMaker": true, "isBestMatch": true}, {"id": 104460378, "price": "54.73000000", "qty": "0.34900000", "quoteQty": "19.10077000", "time": 1692716715321, "isBuyerMaker": true, "isBestMatch": true}, {"id": 104460379, "price": "54.73000000", "qty": "0.07000000", "quoteQty": "3.83110000", "time": 1692716719798, "isBuyerMaker": true, "isBestMatch": true}, {"id": 104460380, "price": "54.73000000", "qty": "0.08300000", "quoteQty": "4.54259000", "time": 1692716719798, "isBuyerMaker": true, "isBestMatch": true}, {"id": 104460381, "price": "54.73000000", "qty": "0.60600000", "quoteQty": "33.16638000", "time": 1692716729783, "isBuyerMaker": true, "isBestMatch": true}, {"id": 104460382, "price": "54.73000000", "qty": "0.45400000", "quoteQty": "24.84742000", "time": 1692716729783, "isBuyerMaker": true, "isBestMatch": true}, {"id": 104460383, "price": "54.73000000", "qty": "9.61700000", "quoteQty": "526.33841000", "time": 1692716729783, "isBuyerMaker": true, "isBestMatch": true}, {"id": 104460384, "price": "54.73000000", "qty": "10.16100000", "quoteQty": "556.11153000", "time": 1692716730493, "isBuyerMaker": true, "isBestMatch": true}, {"id": 104460385, "price": "54.73000000", "qty": "10.22200000", "quoteQty": "559.45006000", "time": 1692716730530, "isBuyerMaker": true, "isBestMatch": true}, {"id": 104460386, "price": "54.73000000", "qty": "0.45400000", "quoteQty": "24.84742000", "time": 1692716730530, "isBuyerMaker": true, "isBestMatch": true}, {"id": 104460387, "price": "54.73000000", "qty": "0.45400000", "quoteQty": "24.84742000", "time": 1692716730535, "isBuyerMaker": true, "isBestMatch": true}, {"id": 104460388, "price": "54.73000000", "qty": "0.45400000", "quoteQty": "24.84742000", "time": 1692716731587, "isBuyerMaker": true, "isBestMatch": true}, {"id": 104460389, "price": "54.73000000", "qty": "0.45400000", "quoteQty": "24.84742000", "time": 1692716731645, "isBuyerMaker": true, "isBestMatch": true}, {"id": 104460390, "price": "54.73000000", "qty": "0.45400000", "quoteQty": "24.84742000", "time": 1692716731667, "isBuyerMaker": true, "isBestMatch": true}, {"id": 104460391, "price": "54.73000000", "qty": "0.23800000", "quoteQty": "13.02574000", "time": 1692716731668, "isBuyerMaker": true, "isBestMatch": true}, {"id": 104460392, "price": "54.72000000", "qty": "0.68900000", "quoteQty": "37.70208000", "time": 1692716731668, "isBuyerMaker": true, "isBestMatch": true}, {"id": 104460393, "price": "54.70000000", "qty": "0.29700000", "quoteQty": "16.24590000", "time": 1692716731668, "isBuyerMaker": true, "isBestMatch": true}, {"id": 104460394, "price": "54.70000000", "qty": "0.24100000", "quoteQty": "13.18270000", "time": 1692716731668, "isBuyerMaker": true, "isBestMatch": true}, {"id": 104460395, "price": "54.70000000", "qty": "0.22900000", "quoteQty": "12.52630000", "time": 1692716731668, "isBuyerMaker": true, "isBestMatch": true}, {"id": 104460396, "price": "54.70000000", "qty": "4.50600000", "quoteQty": "246.47820000", "time": 1692716731668, "isBuyerMaker": true, "isBestMatch": true}, {"id": 104460397, "price": "54.70000000", "qty": "1.25500000", "quoteQty": "68.64850000", "time": 1692716731671, "isBuyerMaker": true, "isBestMatch": true}, {"id": 104460398, "price": "54.70000000", "qty": "1.34500000", "quoteQty": "73.57150000", "time": 1692716731671, "isBuyerMaker": true, "isBestMatch": true}, {"id": 104460399, "price": "54.69000000", "qty": "1.19600000", "quoteQty": "65.40924000", "time": 1692716731679, "isBuyerMaker": true, "isBestMatch": true}, {"id": 104460400, "price": "54.68000000", "qty": "1.40400000", "quoteQty": "76.77072000", "time": 1692716731679, "isBuyerMaker": true, "isBestMatch": true}, {"id": 104460401, "price": "54.68000000", "qty": "2.60000000", "quoteQty": "142.16800000", "time": 1692716731681, "isBuyerMaker": true, "isBestMatch": true}, {"id": 104460402, "price": "54.69000000", "qty": "6.20000000", "quoteQty": "339.07800000", "time": 1692716731683, "isBuyerMaker": true, "isBestMatch": true}, {"id": 104460403, "price": "54.69000000", "qty": "6.20000000", "quoteQty": "339.07800000", "time": 1692716731684, "isBuyerMaker": true, "isBestMatch": true}, {"id": 104460404, "price": "54.69000000", "qty": "6.20000000", "quoteQty": "339.07800000", "time": 1692716731686, "isBuyerMaker": true, "isBestMatch": true}, {"id": 104460405, "price": "54.68000000", "qty": "0.35700000", "quoteQty": "19.52076000", "time": 1692716731891, "isBuyerMaker": true, "isBestMatch": true}, {"id": 104460406, "price": "54.68000000", "qty": "0.22100000", "quoteQty": "12.08428000", "time": 1692716731891, "isBuyerMaker": true, "isBestMatch": true}, {"id": 104460407, "price": "54.68000000", "qty": "2.02200000", "quoteQty": "110.56296000", "time": 1692716731891, "isBuyerMaker": true, "isBestMatch": true}, {"id": 104460408, "price": "54.69000000", "qty": "1.27400000", "quoteQty": "69.67506000", "time": 1692716733475, "isBuyerMaker": false, "isBestMatch": true}, {"id": 104460409, "price": "54.70000000", "qty": "0.65700000", "quoteQty": "35.93790000", "time": 1692716740800, "isBuyerMaker": false, "isBestMatch": true}, {"id": 104460410, "price": "54.71000000", "qty": "0.34200000", "quoteQty": "18.71082000", "time": 1692716751393, "isBuyerMaker": true, "isBestMatch": true}, {"id": 104460411, "price": "54.71000000", "qty": "0.34200000", "quoteQty": "18.71082000", "time": 1692716751497, "isBuyerMaker": true, "isBestMatch": true}, {"id": 104460412, "price": "54.71000000", "qty": "0.34200000", "quoteQty": "18.71082000", "time": 1692716751684, "isBuyerMaker": true, "isBestMatch": true}, {"id": 104460413, "price": "54.71000000", "qty": "0.34200000", "quoteQty": "18.71082000", "time": 1692716751826, "isBuyerMaker": true, "isBestMatch": true}, {"id": 104460414, "price": "54.71000000", "qty": "0.32700000", "quoteQty": "17.89017000", "time": 1692716751872, "isBuyerMaker": true, "isBestMatch": true}