[{"id": 104587449, "price": "56.96000000", "qty": "0.09500000", "quoteQty": "5.41120000", "time": 1693109772325, "isBuyerMaker": true, "isBestMatch": true}, {"id": 104587450, "price": "56.97000000", "qty": "0.09000000", "quoteQty": "5.12730000", "time": 1693109787139, "isBuyerMaker": false, "isBestMatch": true}, {"id": 104587451, "price": "56.97000000", "qty": "0.28200000", "quoteQty": "16.06554000", "time": 1693109787139, "isBuyerMaker": false, "isBestMatch": true}, {"id": 104587452, "price": "56.97000000", "qty": "0.62800000", "quoteQty": "35.77716000", "time": 1693109787139, "isBuyerMaker": false, "isBestMatch": true}, {"id": 104587453, "price": "56.97000000", "qty": "0.39200000", "quoteQty": "22.33224000", "time": 1693109789705, "isBuyerMaker": false, "isBestMatch": true}, {"id": 104587454, "price": "56.97000000", "qty": "0.49300000", "quoteQty": "28.08621000", "time": 1693109789705, "isBuyerMaker": false, "isBestMatch": true}, {"id": 104587455, "price": "56.97000000", "qty": "0.11500000", "quoteQty": "6.55155000", "time": 1693109789705, "isBuyerMaker": false, "isBestMatch": true}, {"id": 104587456, "price": "56.97000000", "qty": "0.16700000", "quoteQty": "9.51399000", "time": 1693109792408, "isBuyerMaker": false, "isBestMatch": true}, {"id": 104587457, "price": "56.97000000", "qty": "0.49300000", "quoteQty": "28.08621000", "time": 1693109792408, "isBuyerMaker": false, "isBestMatch": true}, {"id": 104587458, "price": "56.97000000", "qty": "0.28200000", "quoteQty": "16.06554000", "time": 1693109792408, "isBuyerMaker": false, "isBestMatch": true}, {"id": 104587459, "price": "56.97000000", "qty": "0.05800000", "quoteQty": "3.30426000", "time": 1693109792408, "isBuyerMaker": false, "isBestMatch": true}, {"id": 104587460, "price": "56.97000000", "qty": "0.43500000", "quoteQty": "24.78195000", "time": 1693109795087, "isBuyerMaker": false, "isBestMatch": true}, {"id": 104587461, "price": "56.97000000", "qty": "0.28200000", "quoteQty": "16.06554000", "time": 1693109795087, "isBuyerMaker": false, "isBestMatch": true}, {"id": 104587462, "price": "56.97000000", "qty": "0.28300000", "quoteQty": "16.12251000", "time": 1693109795087, "isBuyerMaker": false, "isBestMatch": true}, {"id": 104587463, "price": "56.97000000", "qty": "0.21000000", "quoteQty": "11.96370000", "time": 1693109797796, "isBuyerMaker": false, "isBestMatch": true}, {"id": 104587464, "price": "56.97000000", "qty": "0.28200000", "quoteQty": "16.06554000", "time": 1693109797796, "isBuyerMaker": false, "isBestMatch": true}, {"id": 104587465, "price": "56.97000000", "qty": "0.49300000", "quoteQty": "28.08621000", "time": 1693109797796, "isBuyerMaker": false, "isBestMatch": true}, {"id": 104587466, "price": "56.97000000", "qty": "0.01500000", "quoteQty": "0.85455000", "time": 1693109797796, "isBuyerMaker": false, "isBestMatch": true}, {"id": 104587467, "price": "56.97000000", "qty": "0.26700000", "quoteQty": "15.21099000", "time": 1693109800462, "isBuyerMaker": false, "isBestMatch": true}, {"id": 104587468, "price": "56.97000000", "qty": "0.49300000", "quoteQty": "28.08621000", "time": 1693109800462, "isBuyerMaker": false, "isBestMatch": true}, {"id": 104587469, "price": "56.97000000", "qty": "0.24000000", "quoteQty": "13.67280000", "time": 1693109800462, "isBuyerMaker": false, "isBestMatch": true}, {"id": 104587470, "price": "56.97000000", "qty": "0.04200000", "quoteQty": "2.39274000", "time": 1693109803151, "isBuyerMaker": false, "isBestMatch": true}, {"id": 104587471, "price": "56.97000000", "qty": "0.49300000", "quoteQty": "28.08621000", "time": 1693109803151, "isBuyerMaker": false, "isBestMatch": true}, {"id": 104587472, "price": "56.97000000", "qty": "0.09500000", "quoteQty": "5.41215000", "time": 1693109803151, "isBuyerMaker": false, "isBestMatch": true}, {"id": 104587473, "price": "56.97000000", "qty": "0.37000000", "quoteQty": "21.07890000", "time": 1693109803151, "isBuyerMaker": false, "isBestMatch": true}, {"id": 104587474, "price": "56.97000000", "qty": "0.11400000", "quoteQty": "6.49458000", "time": 1693109805894, "isBuyerMaker": false, "isBestMatch": true}, {"id": 104587475, "price": "56.97000000", "qty": "0.23800000", "quoteQty": "13.55886000", "time": 1693109805894, "isBuyerMaker": false, "isBestMatch": true}, {"id": 104587476, "price": "56.98000000", "qty": "0.09100000", "quoteQty": "5.18518000", "time": 1693109805894, "isBuyerMaker": false, "isBestMatch": true}, {"id": 104587477, "price": "56.99000000", "qty": "0.31700000", "quoteQty": "18.06583000", "time": 1693109805894, "isBuyerMaker": false, "isBestMatch": true}, {"id": 104587478, "price": "56.99000000", "qty": "0.24000000", "quoteQty": "13.67760000", "time": 1693109805894, "isBuyerMaker": false, "isBestMatch": true}, {"id": 104587479, "price": "56.98000000", "qty": "0.11000000", "quoteQty": "6.26780000", "time": 1693109810329, "isBuyerMaker": true, "isBestMatch": true}, {"id": 104587480, "price": "56.98000000", "qty": "1.78500000", "quoteQty": "101.70930000", "time": 1693109811172, "isBuyerMaker": true, "isBestMatch": true}, {"id": 104587481, "price": "56.98000000", "qty": "0.04200000", "quoteQty": "2.39316000", "time": 1693109822414, "isBuyerMaker": true, "isBestMatch": true}, {"id": 104587482, "price": "56.98000000", "qty": "0.14600000", "quoteQty": "8.31908000", "time": 1693109822414, "isBuyerMaker": true, "isBestMatch": true}, {"id": 104587483, "price": "56.99000000", "qty": "0.21500000", "quoteQty": "12.25285000", "time": 1693109824262, "isBuyerMaker": false, "isBestMatch": true}, {"id": 104587484, "price": "56.99000000", "qty": "0.49200000", "quoteQty": "28.03908000", "time": 1693109851064, "isBuyerMaker": false, "isBestMatch": true}, {"id": 104587485, "price": "56.99000000", "qty": "0.50600000", "quoteQty": "28.83694000", "time": 1693109851064, "isBuyerMaker": false, "isBestMatch": true}, {"id": 104587486, "price": "56.99000000", "qty": "0.49200000", "quoteQty": "28.03908000", "time": 1693109851064, "isBuyerMaker": false, "isBestMatch": true}, {"id": 104587487, "price": "56.99000000", "qty": "0.50600000", "quoteQty": "28.83694000", "time": 1693109851064, "isBuyerMaker": false, "isBestMatch": true}, {"id": 104587488, "price": "56.99000000", "qty": "0.49200000", "quoteQty": "28.03908000", "time": 1693109851064, "isBuyerMaker": false, "isBestMatch": true}, {"id": 104587489, "price": "56.99000000", "qty": "0.50600000", "quoteQty": "28.83694000", "time": 1693109851064, "isBuyerMaker": false, "isBestMatch": true}, {"id": 104587490, "price": "56.99000000", "qty": "0.47300000", "quoteQty": "26.95627000", "time": 1693109851064, "isBuyerMaker": false, "isBestMatch": true}, {"id": 104587491, "price": "56.98000000", "qty": "1.74700000", "quoteQty": "99.54406000", "time": 1693109907035, "isBuyerMaker": true, "isBestMatch": true}, {"id": 104587492, "price": "56.98000000", "qty": "1.75600000", "quoteQty": "100.05688000", "time": 1693109907035, "isBuyerMaker": true, "isBestMatch": true}, {"id": 104587493, "price": "56.98000000", "qty": "16.00000000", "quoteQty": "911.68000000", "time": 1693109907035, "isBuyerMaker": true, "isBestMatch": true}, {"id": 104587494, "price": "56.98000000", "qty": "16.00000000", "quoteQty": "911.68000000", "time": 1693109907035, "isBuyerMaker": true, "isBestMatch": true}, {"id": 104587495, "price": "56.98000000", "qty": "21.45700000", "quoteQty": "1222.61986000", "time": 1693109907035, "isBuyerMaker": true, "isBestMatch": true}, {"id": 104587496, "price": "56.98000000", "qty": "21.45700000", "quoteQty": "1222.61986000", "time": 1693109907035, "isBuyerMaker": true, "isBestMatch": true}, {"id": 104587497, "price": "56.98000000", "qty": "21.45700000", "quoteQty": "1222.61986000", "time": 1693109907035, "isBuyerMaker": true, "isBestMatch": true}, {"id": 104587498, "price": "56.97000000", "qty": "1.75600000", "quoteQty": "100.03932000", "time": 1693109907035, "isBuyerMaker": true, "isBestMatch": true}, {"id": 104587499, "price": "56.97000000", "qty": "1.93700000", "quoteQty": "110.35089000", "time": 1693109907035, "isBuyerMaker": true, "isBestMatch": true}, {"id": 104587500, "price": "56.97000000", "qty": "2.00000000", "quoteQty": "113.94000000", "time": 1693109907035, "isBuyerMaker": true, "isBestMatch": true}, {"id": 104587501, "price": "56.97000000", "qty": "1.68500000", "quoteQty": "95.99445000", "time": 1693109907045, "isBuyerMaker": true, "isBestMatch": true}, {"id": 104587502, "price": "56.97000000", "qty": "1.04200000", "quoteQty": "59.36274000", "time": 1693109907053, "isBuyerMaker": true, "isBestMatch": true}, {"id": 104587503, "price": "56.97000000", "qty": "2.55800000", "quoteQty": "145.72926000", "time": 1693109907053, "isBuyerMaker": true, "isBestMatch": true}, {"id": 104587504, "price": "56.97000000", "qty": "3.90000000", "quoteQty": "222.18300000", "time": 1693109907053, "isBuyerMaker": true, "isBestMatch": true}, {"id": 104587505, "price": "56.97000000", "qty": "3.60000000", "quoteQty": "205.09200000", "time": 1693109907053, "isBuyerMaker": true, "isBestMatch": true}, {"id": 104587506, "price": "56.97000000", "qty": "3.60000000", "quoteQty": "205.09200000", "time": 1693109907053, "isBuyerMaker": true, "isBestMatch": true}, {"id": 104587507, "price": "56.97000000", "qty": "3.50000000", "quoteQty": "199.39500000", "time": 1693109907053, "isBuyerMaker": true, "isBestMatch": true}, {"id": 104587508, "price": "56.97000000", "qty": "3.90000000", "quoteQty": "222.18300000", "time": 1693109907053, "isBuyerMaker": true, "isBestMatch": true}, {"id": 104587509, "price": "56.97000000", "qty": "3.44100000", "quoteQty": "196.03377000", "time": 1693109907053, "isBuyerMaker": true, "isBestMatch": true}, {"id": 104587510, "price": "56.97000000", "qty": "0.15900000", "quoteQty": "9.05823000", "time": 1693109907056, "isBuyerMaker": true, "isBestMatch": true}, {"id": 104587511, "price": "56.97000000", "qty": "1.00500000", "quoteQty": "57.25485000", "time": 1693109907056, "isBuyerMaker": true, "isBestMatch": true}, {"id": 104587512, "price": "56.97000000", "qty": "2.20100000", "quoteQty": "125.39097000", "time": 1693109907056, "isBuyerMaker": true, "isBestMatch": true}, {"id": 104587513, "price": "56.97000000", "qty": "1.76600000", "quoteQty": "100.60902000", "time": 1693109907057, "isBuyerMaker": true, "isBestMatch": true}, {"id": 104587514, "price": "56.97000000", "qty": "2.43100000", "quoteQty": "138.49407000", "time": 1693109907057, "isBuyerMaker": true, "isBestMatch": true}, {"id": 104587515, "price": "56.97000000", "qty": "1.19700000", "quoteQty": "68.19309000", "time": 1693109907059, "isBuyerMaker": true, "isBestMatch": true}, {"id": 104587516, "price": "56.96000000", "qty": "5.20900000", "quoteQty": "296.70464000", "time": 1693109907131, "isBuyerMaker": true, "isBestMatch": true}, {"id": 104587517, "price": "56.96000000", "qty": "12.38800000", "quoteQty": "705.62048000", "time": 1693109907138, "isBuyerMaker": true, "isBestMatch": true}, {"id": 104587518, "price": "56.96000000", "qty": "8.61200000", "quoteQty": "490.53952000", "time": 1693109907138, "isBuyerMaker": true, "isBestMatch": true}, {"id": 104587519, "price": "56.96000000", "qty": "8.98500000", "quoteQty": "511.78560000", "time": 1693109907141, "isBuyerMaker": true, "isBestMatch": true}, {"id": 104587520, "price": "56.96000000", "qty": "4.85000000", "quoteQty": "276.25600000", "time": 1693109907141, "isBuyerMaker": true, "isBestMatch": true}, {"id": 104587521, "price": "56.96000000", "qty": "12.70300000", "quoteQty": "723.56288000", "time": 1693109907142, "isBuyerMaker": true, "isBestMatch": true}, {"id": 104587522, "price": "56.95000000", "qty": "0.22100000", "quoteQty": "12.58595000", "time": 1693109947205, "isBuyerMaker": false, "isBestMatch": true}, {"id": 104587523, "price": "56.94000000", "qty": "0.18500000", "quoteQty": "10.53390000", "time": 1693110016164, "isBuyerMaker": true, "isBestMatch": true}, {"id": 104587524, "price": "56.94000000", "qty": "0.26000000", "quoteQty": "14.80440000", "time": 1693110016164, "isBuyerMaker": true, "isBestMatch": true}, {"id": 104587525, "price": "56.94000000", "qty": "7.23500000", "quoteQty": "411.96090000", "time": 1693110090032, "isBuyerMaker": false, "isBestMatch": true}, {"id": 104587526, "price": "56.94000000", "qty": "1.75700000", "quoteQty": "100.04358000", "time": 1693110090032, "isBuyerMaker": false, "isBestMatch": true}, {"id": 104587527, "price": "56.94000000", "qty": "0.41400000", "quoteQty": "23.57316000", "time": 1693110090032, "isBuyerMaker": false, "isBestMatch": true}, {"id": 104587528, "price": "56.94000000", "qty": "0.00100000", "quoteQty": "0.05694000", "time": 1693110090032, "isBuyerMaker": false, "isBestMatch": true}, {"id": 104587529, "price": "56.94000000", "qty": "0.41300000", "quoteQty": "23.51622000", "time": 1693110090032, "isBuyerMaker": false, "isBestMatch": true}, {"id": 104587530, "price": "56.94000000", "qty": "0.41400000", "quoteQty": "23.57316000", "time": 1693110090032, "isBuyerMaker": false, "isBestMatch": true}, {"id": 104587531, "price": "56.94000000", "qty": "0.41400000", "quoteQty": "23.57316000", "time": 1693110090032, "isBuyerMaker": false, "isBestMatch": true}, {"id": 104587532, "price": "56.94000000", "qty": "0.41400000", "quoteQty": "23.57316000", "time": 1693110090032, "isBuyerMaker": false, "isBestMatch": true}, {"id": 104587533, "price": "56.94000000", "qty": "0.41400000", "quoteQty": "23.57316000", "time": 1693110090032, "isBuyerMaker": false, "isBestMatch": true}, {"id": 104587534, "price": "56.94000000", "qty": "0.41400000", "quoteQty": "23.57316000", "time": 1693110090032, "isBuyerMaker": false, "isBestMatch": true}, {"id": 104587535, "price": "56.94000000", "qty": "0.07400000", "quoteQty": "4.21356000", "time": 1693110090032, "isBuyerMaker": false, "isBestMatch": true}, {"id": 104587536, "price": "56.95000000", "qty": "0.89700000", "quoteQty": "51.08415000", "time": 1693110235141, "isBuyerMaker": false, "isBestMatch": true}, {"id": 104587537, "price": "56.95000000", "qty": "0.34000000", "quoteQty": "19.36300000", "time": 1693110235141, "isBuyerMaker": false, "isBestMatch": true}, {"id": 104587538, "price": "56.95000000", "qty": "0.19200000", "quoteQty": "10.93440000", "time": 1693110286509, "isBuyerMaker": false, "isBestMatch": true}, {"id": 104587539, "price": "56.96000000", "qty": "1.10800000", "quoteQty": "63.11168000", "time": 1693110286509, "isBuyerMaker": false, "isBestMatch": true}, {"id": 104587540, "price": "56.96000000", "qty": "0.70000000", "quoteQty": "39.87200000", "time": 1693110286510, "isBuyerMaker": false, "isBestMatch": true}, {"id": 104587541, "price": "56.96000000", "qty": "2.04700000", "quoteQty": "116.59712000", "time": 1693110286514, "isBuyerMaker": false, "isBestMatch": true}, {"id": 104587542, "price": "56.96000000", "qty": "0.61500000", "quoteQty": "35.03040000", "time": 1693110286514, "isBuyerMaker": false, "isBestMatch": true}, {"id": 104587543, "price": "56.96000000", "qty": "0.49300000", "quoteQty": "28.08128000", "time": 1693110286514, "isBuyerMaker": false, "isBestMatch": true}, {"id": 104587544, "price": "56.96000000", "qty": "0.49300000", "quoteQty": "28.08128000", "time": 1693110287595, "isBuyerMaker": false, "isBestMatch": true}, {"id": 104587545, "price": "56.96000000", "qty": "0.49300000", "quoteQty": "28.08128000", "time": 1693110287595, "isBuyerMaker": false, "isBestMatch": true}, {"id": 104587546, "price": "56.96000000", "qty": "0.06600000", "quoteQty": "3.75936000", "time": 1693110287595, "isBuyerMaker": false, "isBestMatch": true}, {"id": 104587547, "price": "56.95000000", "qty": "0.21700000", "quoteQty": "12.35815000", "time": 1693110309766, "isBuyerMaker": true, "isBestMatch": true}, {"id": 104587548, "price": "56.96000000", "qty": "0.42700000", "quoteQty": "24.32192000", "time": 1693110325238, "isBuyerMaker": false, "isBestMatch": true}, {"id": 104587549, "price": "56.96000000", "qty": "0.42800000", "quoteQty": "24.37888000", "time": 1693110325238, "isBuyerMaker": false, "isBestMatch": true}, {"id": 104587550, "price": "56.96000000", "qty": "0.14500000", "quoteQty": "8.25920000", "time": 1693110325238, "isBuyerMaker": false, "isBestMatch": true}, {"id": 104587551, "price": "56.96000000", "qty": "0.34800000", "quoteQty": "19.82208000", "time": 1693110327600, "isBuyerMaker": false, "isBestMatch": true}, {"id": 104587552, "price": "56.96000000", "qty": "0.42800000", "quoteQty": "24.37888000", "time": 1693110327600, "isBuyerMaker": false, "isBestMatch": true}, {"id": 104587553, "price": "56.96000000", "qty": "0.22400000", "quoteQty": "12.75904000", "time": 1693110327600, "isBuyerMaker": false, "isBestMatch": true}, {"id": 104587554, "price": "56.96000000", "qty": "0.26900000", "quoteQty": "15.32224000", "time": 1693110330080, "isBuyerMaker": false, "isBestMatch": true}, {"id": 104587555, "price": "56.96000000", "qty": "0.24100000", "quoteQty": "13.72736000", "time": 1693110330080, "isBuyerMaker": false, "isBestMatch": true}, {"id": 104587556, "price": "56.96000000", "qty": "0.49000000", "quoteQty": "27.91040000", "time": 1693110330080, "isBuyerMaker": false, "isBestMatch": true}, {"id": 104587557, "price": "56.96000000", "qty": "0.00300000", "quoteQty": "0.17088000", "time": 1693110332650, "isBuyerMaker": false, "isBestMatch": true}, {"id": 104587558, "price": "56.96000000", "qty": "0.24100000", "quoteQty": "13.72736000", "time": 1693110332650, "isBuyerMaker": false, "isBestMatch": true}, {"id": 104587559, "price": "56.96000000", "qty": "0.49300000", "quoteQty": "28.08128000", "time": 1693110332650, "isBuyerMaker": false, "isBestMatch": true}, {"id": 104587560, "price": "56.96000000", "qty": "0.24100000", "quoteQty": "13.72736000", "time": 1693110332650, "isBuyerMaker": false, "isBestMatch": true}, {"id": 104587561, "price": "56.96000000", "qty": "0.02200000", "quoteQty": "1.25312000", "time": 1693110332650, "isBuyerMaker": false, "isBestMatch": true}, {"id": 104587562, "price": "56.96000000", "qty": "0.47100000", "quoteQty": "26.82816000", "time": 1693110335011, "isBuyerMaker": false, "isBestMatch": true}, {"id": 104587563, "price": "56.96000000", "qty": "0.24100000", "quoteQty": "13.72736000", "time": 1693110335011, "isBuyerMaker": false, "isBestMatch": true}, {"id": 104587564, "price": "56.96000000", "qty": "0.28800000", "quoteQty": "16.40448000", "time": 1693110335011, "isBuyerMaker": false, "isBestMatch": true}, {"id": 104587565, "price": "56.96000000", "qty": "0.19700000", "quoteQty": "11.22112000", "time": 1693110335014, "isBuyerMaker": false, "isBestMatch": true}, {"id": 104587566, "price": "56.96000000", "qty": "0.24100000", "quoteQty": "13.72736000", "time": 1693110335014, "isBuyerMaker": false, "isBestMatch": true}, {"id": 104587567, "price": "56.96000000", "qty": "0.61400000", "quoteQty": "34.97344000", "time": 1693110429458, "isBuyerMaker": true, "isBestMatch": true}, {"id": 104587568, "price": "56.96000000", "qty": "0.93100000", "quoteQty": "53.02976000", "time": 1693110429458, "isBuyerMaker": true, "isBestMatch": true}, {"id": 104587569, "price": "56.97000000", "qty": "0.44800000", "quoteQty": "25.52256000", "time": 1693110431205, "isBuyerMaker": false, "isBestMatch": true}, {"id": 104587570, "price": "56.97000000", "qty": "0.25000000", "quoteQty": "14.24250000", "time": 1693110431205, "isBuyerMaker": false, "isBestMatch": true}, {"id": 104587571, "price": "56.97000000", "qty": "0.49300000", "quoteQty": "28.08621000", "time": 1693110431205, "isBuyerMaker": false, "isBestMatch": true}, {"id": 104587572, "price": "56.97000000", "qty": "0.49300000", "quoteQty": "28.08621000", "time": 1693110453158, "isBuyerMaker": false, "isBestMatch": true}, {"id": 104587573, "price": "56.97000000", "qty": "0.50700000", "quoteQty": "28.88379000", "time": 1693110453158, "isBuyerMaker": false, "isBestMatch": true}, {"id": 104587574, "price": "56.97000000", "qty": "0.05100000", "quoteQty": "2.90547000", "time": 1693110455513, "isBuyerMaker": false, "isBestMatch": true}, {"id": 104587575, "price": "56.97000000", "qty": "0.49300000", "quoteQty": "28.08621000", "time": 1693110455513, "isBuyerMaker": false, "isBestMatch": true}, {"id": 104587576, "price": "56.97000000", "qty": "0.45600000", "quoteQty": "25.97832000", "time": 1693110455513, "isBuyerMaker": false, "isBestMatch": true}, {"id": 104587577, "price": "56.97000000", "qty": "0.10200000", "quoteQty": "5.81094000", "time": 1693110457861, "isBuyerMaker": false, "isBestMatch": true}, {"id": 104587578, "price": "56.97000000", "qty": "0.49300000", "quoteQty": "28.08621000", "time": 1693110457861, "isBuyerMaker": false, "isBestMatch": true}, {"id": 104587579, "price": "56.97000000", "qty": "0.40500000", "quoteQty": "23.07285000", "time": 1693110457861, "isBuyerMaker": false, "isBestMatch": true}, {"id": 104587580, "price": "56.97000000", "qty": "0.15300000", "quoteQty": "8.71641000", "time": 1693110460225, "isBuyerMaker": false, "isBestMatch": true}, {"id": 104587581, "price": "56.97000000", "qty": "0.49300000", "quoteQty": "28.08621000", "time": 1693110460225, "isBuyerMaker": false, "isBestMatch": true}, {"id": 104587582, "price": "56.97000000", "qty": "0.35400000", "quoteQty": "20.16738000", "time": 1693110460225, "isBuyerMaker": false, "isBestMatch": true}, {"id": 104587583, "price": "56.97000000", "qty": "0.20400000", "quoteQty": "11.62188000", "time": 1693110462589, "isBuyerMaker": false, "isBestMatch": true}, {"id": 104587584, "price": "56.97000000", "qty": "0.49300000", "quoteQty": "28.08621000", "time": 1693110462589, "isBuyerMaker": false, "isBestMatch": true}, {"id": 104587585, "price": "56.97000000", "qty": "0.30300000", "quoteQty": "17.26191000", "time": 1693110462589, "isBuyerMaker": false, "isBestMatch": true}, {"id": 104587586, "price": "56.96000000", "qty": "9.30400000", "quoteQty": "529.95584000", "time": 1693110537440, "isBuyerMaker": true, "isBestMatch": true}, {"id": 104587587, "price": "56.96000000", "qty": "0.69600000", "quoteQty": "39.64416000", "time": 1693110537447, "isBuyerMaker": true, "isBestMatch": true}, {"id": 104587588, "price": "56.95000000", "qty": "1.87900000", "quoteQty": "107.00905000", "time": 1693110667874, "isBuyerMaker": true, "isBestMatch": true}, {"id": 104587589, "price": "56.95000000", "qty": "0.28000000", "quoteQty": "15.94600000", "time": 1693110690619, "isBuyerMaker": true, "isBestMatch": true}, {"id": 104587590, "price": "56.96000000", "qty": "0.22800000", "quoteQty": "12.98688000", "time": 1693110729241, "isBuyerMaker": false, "isBestMatch": true}, {"id": 104587591, "price": "56.97000000", "qty": "0.49300000", "quoteQty": "28.08621000", "time": 1693110745360, "isBuyerMaker": false, "isBestMatch": true}, {"id": 104587592, "price": "56.97000000", "qty": "0.33300000", "quoteQty": "18.97101000", "time": 1693110745360, "isBuyerMaker": false, "isBestMatch": true}, {"id": 104587593, "price": "56.97000000", "qty": "0.22800000", "quoteQty": "12.98916000", "time": 1693110745360, "isBuyerMaker": false, "isBestMatch": true}, {"id": 104587594, "price": "56.97000000", "qty": "0.49300000", "quoteQty": "28.08621000", "time": 1693110746073, "isBuyerMaker": false, "isBestMatch": true}, {"id": 104587595, "price": "56.97000000", "qty": "0.22800000", "quoteQty": "12.98916000", "time": 1693110746073, "isBuyerMaker": false, "isBestMatch": true}, {"id": 104587596, "price": "56.97000000", "qty": "0.33300000", "quoteQty": "18.97101000", "time": 1693110746073, "isBuyerMaker": false, "isBestMatch": true}, {"id": 104587597, "price": "56.97000000", "qty": "0.49300000", "quoteQty": "28.08621000", "time": 1693110756608, "isBuyerMaker": false, "isBestMatch": true}, {"id": 104587598, "price": "56.97000000", "qty": "0.49300000", "quoteQty": "28.08621000", "time": 1693110756608, "isBuyerMaker": false, "isBestMatch": true}, {"id": 104587599, "price": "56.97000000", "qty": "0.49300000", "quoteQty": "28.08621000", "time": 1693110756608, "isBuyerMaker": false, "isBestMatch": true}, {"id": 104587600, "price": "56.97000000", "qty": "0.36400000", "quoteQty": "20.73708000", "time": 1693110756608, "isBuyerMaker": false, "isBestMatch": true}, {"id": 104587601, "price": "56.97000000", "qty": "0.12900000", "quoteQty": "7.34913000", "time": 1693110756615, "isBuyerMaker": false, "isBestMatch": true}, {"id": 104587602, "price": "56.97000000", "qty": "0.36400000", "quoteQty": "20.73708000", "time": 1693110756619, "isBuyerMaker": false, "isBestMatch": true}, {"id": 104587603, "price": "56.97000000", "qty": "0.12900000", "quoteQty": "7.34913000", "time": 1693110782957, "isBuyerMaker": false, "isBestMatch": true}, {"id": 104587604, "price": "56.97000000", "qty": "0.36900000", "quoteQty": "21.02193000", "time": 1693110782957, "isBuyerMaker": false, "isBestMatch": true}, {"id": 104587605, "price": "56.97000000", "qty": "0.49300000", "quoteQty": "28.08621000", "time": 1693110782957, "isBuyerMaker": false, "isBestMatch": true}, {"id": 104587606, "price": "56.97000000", "qty": "0.36900000", "quoteQty": "21.02193000", "time": 1693110782957, "isBuyerMaker": false, "isBestMatch": true}, {"id": 104587607, "price": "56.97000000", "qty": "0.49300000", "quoteQty": "28.08621000", "time": 1693110782957, "isBuyerMaker": false, "isBestMatch": true}, {"id": 104587608, "price": "56.97000000", "qty": "0.36900000", "quoteQty": "21.02193000", "time": 1693110782957, "isBuyerMaker": false, "isBestMatch": true}, {"id": 104587609, "price": "56.97000000", "qty": "0.48500000", "quoteQty": "27.63045000", "time": 1693110782957, "isBuyerMaker": false, "isBestMatch": true}, {"id": 104587610, "price": "56.97000000", "qty": "0.36900000", "quoteQty": "21.02193000", "time": 1693110782957, "isBuyerMaker": false, "isBestMatch": true}, {"id": 104587611, "price": "56.97000000", "qty": "0.36900000", "quoteQty": "21.02193000", "time": 1693110782957, "isBuyerMaker": false, "isBestMatch": true}, {"id": 104587612, "price": "56.97000000", "qty": "0.05000000", "quoteQty": "2.84850000", "time": 1693110782957, "isBuyerMaker": false, "isBestMatch": true}, {"id": 104587613, "price": "56.97000000", "qty": "0.31900000", "quoteQty": "18.17343000", "time": 1693110782964, "isBuyerMaker": false, "isBestMatch": true}, {"id": 104587614, "price": "56.98000000", "qty": "0.16900000", "quoteQty": "9.62962000", "time": 1693110783957, "isBuyerMaker": false, "isBestMatch": true}, {"id": 104587615, "price": "56.98000000", "qty": "0.46400000", "quoteQty": "26.43872000", "time": 1693110783957, "isBuyerMaker": false, "isBestMatch": true}, {"id": 104587616, "price": "56.98000000", "qty": "0.46400000", "quoteQty": "26.43872000", "time": 1693110783957, "isBuyerMaker": false, "isBestMatch": true}, {"id": 104587617, "price": "56.98000000", "qty": "0.46400000", "quoteQty": "26.43872000", "time": 1693110783957, "isBuyerMaker": false, "isBestMatch": true}, {"id": 104587618, "price": "56.98000000", "qty": "0.46400000", "quoteQty": "26.43872000", "time": 1693110783957, "isBuyerMaker": false, "isBestMatch": true}, {"id": 104587619, "price": "56.98000000", "qty": "0.46400000", "quoteQty": "26.43872000", "time": 1693110783957, "isBuyerMaker": false, "isBestMatch": true}, {"id": 104587620, "price": "56.98000000", "qty": "0.07000000", "quoteQty": "3.98860000", "time": 1693110783957, "isBuyerMaker": false, "isBestMatch": true}, {"id": 104587621, "price": "56.99000000", "qty": "1.93500000", "quoteQty": "110.27565000", "time": 1693110783961, "isBuyerMaker": false, "isBestMatch": true}, {"id": 104587622, "price": "56.99000000", "qty": "0.19400000", "quoteQty": "11.05606000", "time": 1693110783961, "isBuyerMaker": false, "isBestMatch": true}, {"id": 104587623, "price": "56.99000000", "qty": "3.18000000", "quoteQty": "181.22820000", "time": 1693110784933, "isBuyerMaker": false, "isBestMatch": true}, {"id": 104587624, "price": "56.99000000", "qty": "0.38000000", "quoteQty": "21.65620000", "time": 1693110784933, "isBuyerMaker": false, "isBestMatch": true}, {"id": 104587625, "price": "56.99000000", "qty": "0.49300000", "quoteQty": "28.09607000", "time": 1693110784933, "isBuyerMaker": false, "isBestMatch": true}, {"id": 104587626, "price": "56.99000000", "qty": "0.38000000", "quoteQty": "21.65620000", "time": 1693110784933, "isBuyerMaker": false, "isBestMatch": true}, {"id": 104587627, "price": "56.99000000", "qty": "0.34900000", "quoteQty": "19.88951000", "time": 1693110784933, "isBuyerMaker": false, "isBestMatch": true}, {"id": 104587628, "price": "56.98000000", "qty": "0.93600000", "quoteQty": "53.33328000", "time": 1693110785420, "isBuyerMaker": true, "isBestMatch": true}, {"id": 104587629, "price": "56.98000000", "qty": "0.13000000", "quoteQty": "7.40740000", "time": 1693110785420, "isBuyerMaker": true, "isBestMatch": true}, {"id": 104587630, "price": "56.98000000", "qty": "0.22100000", "quoteQty": "12.59258000", "time": 1693110799625, "isBuyerMaker": true, "isBestMatch": true}, {"id": 104587631, "price": "56.98000000", "qty": "1.40400000", "quoteQty": "79.99992000", "time": 1693110800445, "isBuyerMaker": true, "isBestMatch": true}, {"id": 104587632, "price": "56.98000000", "qty": "2.25200000", "quoteQty": "128.31896000", "time": 1693110800445, "isBuyerMaker": true, "isBestMatch": true}, {"id": 104587633, "price": "56.98000000", "qty": "0.28100000", "quoteQty": "16.01138000", "time": 1693110855852, "isBuyerMaker": true, "isBestMatch": true}, {"id": 104587634, "price": "56.98000000", "qty": "0.25700000", "quoteQty": "14.64386000", "time": 1693110862509, "isBuyerMaker": true, "isBestMatch": true}, {"id": 104587635, "price": "56.98000000", "qty": "4.95800000", "quoteQty": "282.50684000", "time": 1693110867613, "isBuyerMaker": true, "isBestMatch": true}, {"id": 104587636, "price": "56.98000000", "qty": "0.39500000", "quoteQty": "22.50710000", "time": 1693110874538, "isBuyerMaker": true, "isBestMatch": true}, {"id": 104587637, "price": "56.99000000", "qty": "0.14400000", "quoteQty": "8.20656000", "time": 1693110902523, "isBuyerMaker": false, "isBestMatch": true}, {"id": 104587638, "price": "56.99000000", "qty": "0.19700000", "quoteQty": "11.22703000", "time": 1693110902523, "isBuyerMaker": false, "isBestMatch": true}, {"id": 104587639, "price": "56.99000000", "qty": "0.18300000", "quoteQty": "10.42917000", "time": 1693110903365, "isBuyerMaker": false, "isBestMatch": true}, {"id": 104587640, "price": "56.99000000", "qty": "0.13000000", "quoteQty": "7.40870000", "time": 1693110903365, "isBuyerMaker": false, "isBestMatch": true}, {"id": 104587641, "price": "56.99000000", "qty": "1.93600000", "quoteQty": "110.33264000", "time": 1693110903365, "isBuyerMaker": false, "isBestMatch": true}, {"id": 104587642, "price": "56.99000000", "qty": "0.49300000", "quoteQty": "28.09607000", "time": 1693110903365, "isBuyerMaker": false, "isBestMatch": true}, {"id": 104587643, "price": "56.99000000", "qty": "0.38000000", "quoteQty": "21.65620000", "time": 1693110903365, "isBuyerMaker": false, "isBestMatch": true}, {"id": 104587644, "price": "56.99000000", "qty": "0.49300000", "quoteQty": "28.09607000", "time": 1693110903365, "isBuyerMaker": false, "isBestMatch": true}, {"id": 104587645, "price": "56.99000000", "qty": "0.38000000", "quoteQty": "21.65620000", "time": 1693110903365, "isBuyerMaker": false, "isBestMatch": true}, {"id": 104587646, "price": "56.99000000", "qty": "0.49300000", "quoteQty": "28.09607000", "time": 1693110903365, "isBuyerMaker": false, "isBestMatch": true}, {"id": 104587647, "price": "56.99000000", "qty": "0.38000000", "quoteQty": "21.65620000", "time": 1693110903365, "isBuyerMaker": false, "isBestMatch": true}, {"id": 104587648, "price": "56.99000000", "qty": "0.49300000", "quoteQty": "28.09607000", "time": 1693110903365, "isBuyerMaker": false, "isBestMatch": true}, {"id": 104587649, "price": "56.99000000", "qty": "0.20300000", "quoteQty": "11.56897000", "time": 1693110903365, "isBuyerMaker": false, "isBestMatch": true}, {"id": 104587650, "price": "56.99000000", "qty": "0.49300000", "quoteQty": "28.09607000", "time": 1693110903365, "isBuyerMaker": false, "isBestMatch": true}, {"id": 104587651, "price": "56.99000000", "qty": "0.49300000", "quoteQty": "28.09607000", "time": 1693110903365, "isBuyerMaker": false, "isBestMatch": true}, {"id": 104587652, "price": "56.99000000", "qty": "0.49300000", "quoteQty": "28.09607000", "time": 1693110903365, "isBuyerMaker": false, "isBestMatch": true}, {"id": 104587653, "price": "56.99000000", "qty": "0.48400000", "quoteQty": "27.58316000", "time": 1693110903365, "isBuyerMaker": false, "isBestMatch": true}, {"id": 104587654, "price": "57.00000000", "qty": "0.93500000", "quoteQty": "53.29500000", "time": 1693110903365, "isBuyerMaker": false, "isBestMatch": true}, {"id": 104587655, "price": "57.00000000", "qty": "0.54500000", "quoteQty": "31.06500000", "time": 1693110903365, "isBuyerMaker": false, "isBestMatch": true}, {"id": 104587656, "price": "57.00000000", "qty": "0.29900000", "quoteQty": "17.04300000", "time": 1693110903365, "isBuyerMaker": false, "isBestMatch": true}, {"id": 104587657, "price": "57.00000000", "qty": "15.98300000", "quoteQty": "911.03100000", "time": 1693110903365, "isBuyerMaker": false, "isBestMatch": true}, {"id": 104587658, "price": "57.00000000", "qty": "5.12700000", "quoteQty": "292.23900000", "time": 1693110903365, "isBuyerMaker": false, "isBestMatch": true}, {"id": 104587659, "price": "57.00000000", "qty": "5.14900000", "quoteQty": "293.49300000", "time": 1693110903370, "isBuyerMaker": true, "isBestMatch": true}, {"id": 104587660, "price": "57.00000000", "qty": "0.14000000", "quoteQty": "7.98000000", "time": 1693110906576, "isBuyerMaker": true, "isBestMatch": true}, {"id": 104587661, "price": "57.01000000", "qty": "0.32200000", "quoteQty": "18.35722000", "time": 1693110910652, "isBuyerMaker": false, "isBestMatch": true}, {"id": 104587662, "price": "57.01000000", "qty": "0.28200000", "quoteQty": "16.07682000", "time": 1693110910652, "isBuyerMaker": false, "isBestMatch": true}, {"id": 104587663, "price": "57.01000000", "qty": "0.32200000", "quoteQty": "18.35722000", "time": 1693110910652, "isBuyerMaker": false, "isBestMatch": true}, {"id": 104587664, "price": "57.01000000", "qty": "0.32200000", "quoteQty": "18.35722000", "time": 1693110910652, "isBuyerMaker": false, "isBestMatch": true}, {"id": 104587665, "price": "57.01000000", "qty": "0.32200000", "quoteQty": "18.35722000", "time": 1693110910652, "isBuyerMaker": false, "isBestMatch": true}, {"id": 104587666, "price": "57.01000000", "qty": "0.32200000", "quoteQty": "18.35722000", "time": 1693110910652, "isBuyerMaker": false, "isBestMatch": true}, {"id": 104587667, "price": "57.01000000", "qty": "0.32200000", "quoteQty": "18.35722000", "time": 1693110910652, "isBuyerMaker": false, "isBestMatch": true}, {"id": 104587668, "price": "57.01000000", "qty": "0.32200000", "quoteQty": "18.35722000", "time": 1693110910652, "isBuyerMaker": false, "isBestMatch": true}, {"id": 104587669, "price": "57.01000000", "qty": "0.29400000", "quoteQty": "16.76094000", "time": 1693110910652, "isBuyerMaker": false, "isBestMatch": true}, {"id": 104587670, "price": "57.02000000", "qty": "0.52400000", "quoteQty": "29.87848000", "time": 1693110910652, "isBuyerMaker": false, "isBestMatch": true}, {"id": 104587671, "price": "57.02000000", "qty": "0.21200000", "quoteQty": "12.08824000", "time": 1693110910652, "isBuyerMaker": false, "isBestMatch": true}, {"id": 104587672, "price": "57.02000000", "qty": "2.00900000", "quoteQty": "114.55318000", "time": 1693110910660, "isBuyerMaker": true, "isBestMatch": true}, {"id": 104587673, "price": "57.03000000", "qty": "0.45000000", "quoteQty": "25.66350000", "time": 1693110910662, "isBuyerMaker": false, "isBestMatch": true}, {"id": 104587674, "price": "57.03000000", "qty": "0.55000000", "quoteQty": "31.36650000", "time": 1693110910662, "isBuyerMaker": false, "isBestMatch": true}, {"id": 104587675, "price": "57.03000000", "qty": "0.81200000", "quoteQty": "46.30836000", "time": 1693110910662, "isBuyerMaker": false, "isBestMatch": true}, {"id": 104587676, "price": "57.05000000", "qty": "1.93900000", "quoteQty": "110.61995000", "time": 1693110910662, "isBuyerMaker": false, "isBestMatch": true}, {"id": 104587677, "price": "57.05000000", "qty": "0.04900000", "quoteQty": "2.79545000", "time": 1693110910662, "isBuyerMaker": false, "isBestMatch": true}, {"id": 104587678, "price": "57.03000000", "qty": "1.93500000", "quoteQty": "110.35305000", "time": 1693110910668, "isBuyerMaker": true, "isBestMatch": true}, {"id": 104587679, "price": "57.03000000", "qty": "4.81000000", "quoteQty": "274.31430000", "time": 1693110910668, "isBuyerMaker": true, "isBestMatch": true}, {"id": 104587680, "price": "57.04000000", "qty": "0.46800000", "quoteQty": "26.69472000", "time": 1693110910688, "isBuyerMaker": true, "isBestMatch": true}, {"id": 104587681, "price": "57.04000000", "qty": "0.36900000", "quoteQty": "21.04776000", "time": 1693110911100, "isBuyerMaker": true, "isBestMatch": true}, {"id": 104587682, "price": "57.04000000", "qty": "0.10200000", "quoteQty": "5.81808000", "time": 1693110912466, "isBuyerMaker": true, "isBestMatch": true}, {"id": 104587683, "price": "57.04000000", "qty": "0.99600000", "quoteQty": "56.81184000", "time": 1693110915170, "isBuyerMaker": true, "isBestMatch": true}, {"id": 104587684, "price": "57.04000000", "qty": "1.75500000", "quoteQty": "100.10520000", "time": 1693110915170, "isBuyerMaker": true, "isBestMatch": true}, {"id": 104587685, "price": "57.04000000", "qty": "2.00000000", "quoteQty": "114.08000000", "time": 1693110915170, "isBuyerMaker": true, "isBestMatch": true}, {"id": 104587686, "price": "57.04000000", "qty": "0.00300000", "quoteQty": "0.17112000", "time": 1693110915170, "isBuyerMaker": true, "isBestMatch": true}, {"id": 104587687, "price": "57.05000000", "qty": "0.50000000", "quoteQty": "28.52500000", "time": 1693110916536, "isBuyerMaker": false, "isBestMatch": true}, {"id": 104587688, "price": "57.05000000", "qty": "0.31900000", "quoteQty": "18.19895000", "time": 1693110916567, "isBuyerMaker": true, "isBestMatch": true}, {"id": 104587689, "price": "57.05000000", "qty": "0.89300000", "quoteQty": "50.94565000", "time": 1693110918467, "isBuyerMaker": true, "isBestMatch": true}, {"id": 104587690, "price": "57.05000000", "qty": "0.27100000", "quoteQty": "15.46055000", "time": 1693110926901, "isBuyerMaker": true, "isBestMatch": true}, {"id": 104587691, "price": "57.05000000", "qty": "0.01400000", "quoteQty": "0.79870000", "time": 1693110926901, "isBuyerMaker": true, "isBestMatch": true}, {"id": 104587692, "price": "57.05000000", "qty": "0.27900000", "quoteQty": "15.91695000", "time": 1693110934381, "isBuyerMaker": true, "isBestMatch": true}, {"id": 104587693, "price": "57.06000000", "qty": "0.28200000", "quoteQty": "16.09092000", "time": 1693110949079, "isBuyerMaker": false, "isBestMatch": true}, {"id": 104587694, "price": "57.06000000", "qty": "0.49200000", "quoteQty": "28.07352000", "time": 1693110949079, "isBuyerMaker": false, "isBestMatch": true}, {"id": 104587695, "price": "57.06000000", "qty": "0.23600000", "quoteQty": "13.46616000", "time": 1693110949079, "isBuyerMaker": false, "isBestMatch": true}, {"id": 104587696, "price": "57.06000000", "qty": "0.26600000", "quoteQty": "15.17796000", "time": 1693110950139, "isBuyerMaker": false, "isBestMatch": true}, {"id": 104587697, "price": "57.06000000", "qty": "0.27000000", "quoteQty": "15.40620000", "time": 1693110950139, "isBuyerMaker": false, "isBestMatch": true}, {"id": 104587698, "price": "57.06000000", "qty": "0.49200000", "quoteQty": "28.07352000", "time": 1693110950139, "isBuyerMaker": false, "isBestMatch": true}, {"id": 104587699, "price": "57.06000000", "qty": "0.17000000", "quoteQty": "9.70020000", "time": 1693110950139, "isBuyerMaker": false, "isBestMatch": true}, {"id": 104587700, "price": "57.06000000", "qty": "0.09600000", "quoteQty": "5.47776000", "time": 1693110953861, "isBuyerMaker": false, "isBestMatch": true}, {"id": 104587701, "price": "57.06000000", "qty": "0.49200000", "quoteQty": "28.07352000", "time": 1693110953861, "isBuyerMaker": false, "isBestMatch": true}, {"id": 104587702, "price": "57.05000000", "qty": "0.28500000", "quoteQty": "16.25925000", "time": 1693110961623, "isBuyerMaker": true, "isBestMatch": true}, {"id": 104587703, "price": "57.05000000", "qty": "0.10300000", "quoteQty": "5.87615000", "time": 1693111010480, "isBuyerMaker": true, "isBestMatch": true}, {"id": 104587704, "price": "57.06000000", "qty": "0.26600000", "quoteQty": "15.17796000", "time": 1693111014171, "isBuyerMaker": false, "isBestMatch": true}, {"id": 104587705, "price": "57.06000000", "qty": "0.43500000", "quoteQty": "24.82110000", "time": 1693111014171, "isBuyerMaker": false, "isBestMatch": true}, {"id": 104587706, "price": "57.05000000", "qty": "1.09300000", "quoteQty": "62.35565000", "time": 1693111075729, "isBuyerMaker": true, "isBestMatch": true}, {"id": 104587707, "price": "57.06000000", "qty": "0.73100000", "quoteQty": "41.71086000", "time": 1693111115800, "isBuyerMaker": false, "isBestMatch": true}, {"id": 104587708, "price": "57.06000000", "qty": "0.26600000", "quoteQty": "15.17796000", "time": 1693111115800, "isBuyerMaker": false, "isBestMatch": true}, {"id": 104587709, "price": "57.06000000", "qty": "0.53800000", "quoteQty": "30.69828000", "time": 1693111115800, "isBuyerMaker": false, "isBestMatch": true}, {"id": 104587710, "price": "57.05000000", "qty": "14.94800000", "quoteQty": "852.78340000", "time": 1693111208938, "isBuyerMaker": true, "isBestMatch": true}, {"id": 104587711, "price": "57.05000000", "qty": "6.05200000", "quoteQty": "345.26660000", "time": 1693111208938, "isBuyerMaker": true, "isBestMatch": true}, {"id": 104587712, "price": "57.05000000", "qty": "3.94800000", "quoteQty": "225.23340000", "time": 1693111208941, "isBuyerMaker": true, "isBestMatch": true}, {"id": 104587713, "price": "57.05000000", "qty": "0.64500000", "quoteQty": "36.79725000", "time": 1693111208941, "isBuyerMaker": true, "isBestMatch": true}, {"id": 104587714, "price": "57.05000000", "qty": "10.04400000", "quoteQty": "573.01020000", "time": 1693111208941, "isBuyerMaker": true, "isBestMatch": true}, {"id": 104587715, "price": "57.05000000", "qty": "0.47200000", "quoteQty": "26.92760000", "time": 1693111208941, "isBuyerMaker": true, "isBestMatch": true}, {"id": 104587716, "price": "57.05000000", "qty": "0.16300000", "quoteQty": "9.29915000", "time": 1693111208941, "isBuyerMaker": true, "isBestMatch": true}, {"id": 104587717, "price": "57.05000000", "qty": "0.12100000", "quoteQty": "6.90305000", "time": 1693111208941, "isBuyerMaker": true, "isBestMatch": true}, {"id": 104587718, "price": "57.04000000", "qty": "7.42400000", "quoteQty": "423.46496000", "time": 1693111208945, "isBuyerMaker": true, "isBestMatch": true}, {"id": 104587719, "price": "57.04000000", "qty": "4.30800000", "quoteQty": "245.72832000", "time": 1693111208946, "isBuyerMaker": true, "isBestMatch": true}, {"id": 104587720, "price": "57.04000000", "qty": "1.69800000", "quoteQty": "96.85392000", "time": 1693111208946, "isBuyerMaker": true, "isBestMatch": true}, {"id": 104587721, "price": "57.02000000", "qty": "0.22800000", "quoteQty": "13.00056000", "time": 1693111230726, "isBuyerMaker": true, "isBestMatch": true}, {"id": 104587722, "price": "57.02000000", "qty": "12.19900000", "quoteQty": "695.58698000", "time": 1693111264419, "isBuyerMaker": true, "isBestMatch": true}, {"id": 104587723, "price": "57.02000000", "qty": "5.35600000", "quoteQty": "305.39912000", "time": 1693111264419, "isBuyerMaker": true, "isBestMatch": true}, {"id": 104587724, "price": "57.02000000", "qty": "1.78600000", "quoteQty": "101.83772000", "time": 1693111264429, "isBuyerMaker": true, "isBestMatch": true}, {"id": 104587725, "price": "57.02000000", "qty": "2.85800000", "quoteQty": "162.96316000", "time": 1693111264431, "isBuyerMaker": true, "isBestMatch": true}, {"id": 104587726, "price": "57.02000000", "qty": "7.27500000", "quoteQty": "414.82050000", "time": 1693111264431, "isBuyerMaker": true, "isBestMatch": true}, {"id": 104587727, "price": "57.01000000", "qty": "12.42400000", "quoteQty": "708.29224000", "time": 1693111264458, "isBuyerMaker": true, "isBestMatch": true}, {"id": 104587728, "price": "57.01000000", "qty": "0.18500000", "quoteQty": "10.54685000", "time": 1693111264458, "isBuyerMaker": true, "isBestMatch": true}, {"id": 104587729, "price": "57.01000000", "qty": "0.22100000", "quoteQty": "12.59921000", "time": 1693111297518, "isBuyerMaker": false, "isBestMatch": true}, {"id": 104587730, "price": "57.00000000", "qty": "0.29900000", "quoteQty": "17.04300000", "time": 1693111335116, "isBuyerMaker": true, "isBestMatch": true}, {"id": 104587731, "price": "56.99000000", "qty": "0.21200000", "quoteQty": "12.08188000", "time": 1693111335136, "isBuyerMaker": true, "isBestMatch": true}, {"id": 104587732, "price": "56.97000000", "qty": "0.50000000", "quoteQty": "28.48500000", "time": 1693111348865, "isBuyerMaker": true, "isBestMatch": true}, {"id": 104587733, "price": "56.97000000", "qty": "17.41800000", "quoteQty": "992.30346000", "time": 1693111348865, "isBuyerMaker": true, "isBestMatch": true}, {"id": 104587734, "price": "56.97000000", "qty": "0.21200000", "quoteQty": "12.07764000", "time": 1693111348865, "isBuyerMaker": true, "isBestMatch": true}, {"id": 104587735, "price": "56.97000000", "qty": "0.36900000", "quoteQty": "21.02193000", "time": 1693111348865, "isBuyerMaker": true, "isBestMatch": true}, {"id": 104587736, "price": "56.97000000", "qty": "1.75600000", "quoteQty": "100.03932000", "time": 1693111348865, "isBuyerMaker": true, "isBestMatch": true}, {"id": 104587737, "price": "56.96000000", "qty": "7.08200000", "quoteQty": "403.39072000", "time": 1693111348878, "isBuyerMaker": true, "isBestMatch": true}, {"id": 104587738, "price": "56.96000000", "qty": "0.55000000", "quoteQty": "31.32800000", "time": 1693111348907, "isBuyerMaker": true, "isBestMatch": true}, {"id": 104587739, "price": "56.96000000", "qty": "1.73900000", "quoteQty": "99.05344000", "time": 1693111348907, "isBuyerMaker": true, "isBestMatch": true}, {"id": 104587740, "price": "56.95000000", "qty": "0.79600000", "quoteQty": "45.33220000", "time": 1693111359733, "isBuyerMaker": true, "isBestMatch": true}, {"id": 104587741, "price": "56.95000000", "qty": "0.07400000", "quoteQty": "4.21430000", "time": 1693111395190, "isBuyerMaker": true, "isBestMatch": true}, {"id": 104587742, "price": "56.95000000", "qty": "0.72200000", "quoteQty": "41.11790000", "time": 1693111395190, "isBuyerMaker": true, "isBestMatch": true}, {"id": 104587743, "price": "56.95000000", "qty": "10.57300000", "quoteQty": "602.13235000", "time": 1693111395199, "isBuyerMaker": true, "isBestMatch": true}, {"id": 104587744, "price": "56.95000000", "qty": "0.43600000", "quoteQty": "24.83020000", "time": 1693111395199, "isBuyerMaker": true, "isBestMatch": true}, {"id": 104587745, "price": "56.95000000", "qty": "1.93500000", "quoteQty": "110.19825000", "time": 1693111501470, "isBuyerMaker": false, "isBestMatch": true}, {"id": 104587746, "price": "56.95000000", "qty": "1.75700000", "quoteQty": "100.06115000", "time": 1693111501470, "isBuyerMaker": false, "isBestMatch": true}, {"id": 104587747, "price": "56.95000000", "qty": "0.21600000", "quoteQty": "12.30120000", "time": 1693111501470, "isBuyerMaker": false, "isBestMatch": true}, {"id": 104587748, "price": "56.95000000", "qty": "0.21600000", "quoteQty": "12.30120000", "time": 1693111501470, "isBuyerMaker": false, "isBestMatch": true}, {"id": 104587749, "price": "56.95000000", "qty": "0.21600000", "quoteQty": "12.30120000", "time": 1693111501470, "isBuyerMaker": false, "isBestMatch": true}, {"id": 104587750, "price": "56.95000000", "qty": "0.21600000", "quoteQty": "12.30120000", "time": 1693111501470, "isBuyerMaker": false, "isBestMatch": true}, {"id": 104587751, "price": "56.95000000", "qty": "0.21600000", "quoteQty": "12.30120000", "time": 1693111501470, "isBuyerMaker": false, "isBestMatch": true}, {"id": 104587752, "price": "56.95000000", "qty": "0.21600000", "quoteQty": "12.30120000", "time": 1693111501470, "isBuyerMaker": false, "isBestMatch": true}, {"id": 104587753, "price": "56.95000000", "qty": "0.21600000", "quoteQty": "12.30120000", "time": 1693111501470, "isBuyerMaker": false, "isBestMatch": true}, {"id": 104587754, "price": "56.95000000", "qty": "0.21600000", "quoteQty": "12.30120000", "time": 1693111501470, "isBuyerMaker": false, "isBestMatch": true}, {"id": 104587755, "price": "56.95000000", "qty": "0.14200000", "quoteQty": "8.08690000", "time": 1693111501470, "isBuyerMaker": false, "isBestMatch": true}, {"id": 104587756, "price": "56.96000000", "qty": "1.75600000", "quoteQty": "100.02176000", "time": 1693111501474, "isBuyerMaker": false, "isBestMatch": true}, {"id": 104587757, "price": "56.96000000", "qty": "1.88500000", "quoteQty": "107.36960000", "time": 1693111501474, "isBuyerMaker": false, "isBestMatch": true}, {"id": 104587758, "price": "56.96000000", "qty": "0.60400000", "quoteQty": "34.40384000", "time": 1693111501474, "isBuyerMaker": false, "isBestMatch": true}, {"id": 104587759, "price": "56.96000000", "qty": "1.91800000", "quoteQty": "109.24928000", "time": 1693111501476, "isBuyerMaker": false, "isBestMatch": true}, {"id": 104587760, "price": "56.96000000", "qty": "0.49300000", "quoteQty": "28.08128000", "time": 1693111501476, "isBuyerMaker": false, "isBestMatch": true}, {"id": 104587761, "price": "56.96000000", "qty": "31.62300000", "quoteQty": "1801.24608000", "time": 1693111501476, "isBuyerMaker": false, "isBestMatch": true}, {"id": 104587762, "price": "56.96000000", "qty": "0.37700000", "quoteQty": "21.47392000", "time": 1693111501476, "isBuyerMaker": false, "isBestMatch": true}, {"id": 104587763, "price": "56.96000000", "qty": "7.48600000", "quoteQty": "426.40256000", "time": 1693111501476, "isBuyerMaker": false, "isBestMatch": true}, {"id": 104587764, "price": "56.96000000", "qty": "0.85300000", "quoteQty": "48.58688000", "time": 1693111501477, "isBuyerMaker": false, "isBestMatch": true}, {"id": 104587765, "price": "56.96000000", "qty": "4.02000000", "quoteQty": "228.97920000", "time": 1693111501477, "isBuyerMaker": false, "isBestMatch": true}, {"id": 104587766, "price": "56.96000000", "qty": "0.49300000", "quoteQty": "28.08128000", "time": 1693111501481, "isBuyerMaker": false, "isBestMatch": true}, {"id": 104587767, "price": "56.96000000", "qty": "1.75700000", "quoteQty": "100.07872000", "time": 1693111501481, "isBuyerMaker": false, "isBestMatch": true}, {"id": 104587768, "price": "56.96000000", "qty": "0.49300000", "quoteQty": "28.08128000", "time": 1693111501481, "isBuyerMaker": false, "isBestMatch": true}, {"id": 104587769, "price": "56.96000000", "qty": "0.49300000", "quoteQty": "28.08128000", "time": 1693111501481, "isBuyerMaker": false, "isBestMatch": true}, {"id": 104587770, "price": "56.96000000", "qty": "0.40500000", "quoteQty": "23.06880000", "time": 1693111501481, "isBuyerMaker": false, "isBestMatch": true}, {"id": 104587771, "price": "56.96000000", "qty": "0.08800000", "quoteQty": "5.01248000", "time": 1693111501483, "isBuyerMaker": false, "isBestMatch": true}, {"id": 104587772, "price": "56.96000000", "qty": "0.49300000", "quoteQty": "28.08128000", "time": 1693111501483, "isBuyerMaker": false, "isBestMatch": true}, {"id": 104587773, "price": "56.96000000", "qty": "0.49300000", "quoteQty": "28.08128000", "time": 1693111501483, "isBuyerMaker": false, "isBestMatch": true}, {"id": 104587774, "price": "56.96000000", "qty": "0.49300000", "quoteQty": "28.08128000", "time": 1693111501483, "isBuyerMaker": false, "isBestMatch": true}, {"id": 104587775, "price": "56.96000000", "qty": "0.49300000", "quoteQty": "28.08128000", "time": 1693111501483, "isBuyerMaker": false, "isBestMatch": true}, {"id": 104587776, "price": "56.96000000", "qty": "0.48700000", "quoteQty": "27.73952000", "time": 1693111501483, "isBuyerMaker": false, "isBestMatch": true}, {"id": 104587777, "price": "56.98000000", "qty": "0.52100000", "quoteQty": "29.68658000", "time": 1693111557313, "isBuyerMaker": false, "isBestMatch": true}, {"id": 104587778, "price": "56.98000000", "qty": "0.47900000", "quoteQty": "27.29342000", "time": 1693111557313, "isBuyerMaker": false, "isBestMatch": true}, {"id": 104587779, "price": "56.98000000", "qty": "0.01400000", "quoteQty": "0.79772000", "time": 1693111559997, "isBuyerMaker": false, "isBestMatch": true}, {"id": 104587780, "price": "56.98000000", "qty": "0.39700000", "quoteQty": "22.62106000", "time": 1693111559997, "isBuyerMaker": false, "isBestMatch": true}, {"id": 104587781, "price": "56.98000000", "qty": "0.49300000", "quoteQty": "28.09114000", "time": 1693111559997, "isBuyerMaker": false, "isBestMatch": true}, {"id": 104587782, "price": "56.98000000", "qty": "0.09600000", "quoteQty": "5.47008000", "time": 1693111559997, "isBuyerMaker": false, "isBestMatch": true}, {"id": 104587783, "price": "56.98000000", "qty": "0.49300000", "quoteQty": "28.09114000", "time": 1693111562380, "isBuyerMaker": false, "isBestMatch": true}, {"id": 104587784, "price": "56.98000000", "qty": "0.49300000", "quoteQty": "28.09114000", "time": 1693111562380, "isBuyerMaker": false, "isBestMatch": true}, {"id": 104587785, "price": "56.98000000", "qty": "0.01400000", "quoteQty": "0.79772000", "time": 1693111562380, "isBuyerMaker": false, "isBestMatch": true}, {"id": 104587786, "price": "56.98000000", "qty": "0.47900000", "quoteQty": "27.29342000", "time": 1693111564840, "isBuyerMaker": false, "isBestMatch": true}, {"id": 104587787, "price": "56.98000000", "qty": "0.49300000", "quoteQty": "28.09114000", "time": 1693111564840, "isBuyerMaker": false, "isBestMatch": true}, {"id": 104587788, "price": "56.98000000", "qty": "0.02800000", "quoteQty": "1.59544000", "time": 1693111564840, "isBuyerMaker": false, "isBestMatch": true}, {"id": 104587789, "price": "56.98000000", "qty": "0.46500000", "quoteQty": "26.49570000", "time": 1693111567299, "isBuyerMaker": false, "isBestMatch": true}, {"id": 104587790, "price": "56.98000000", "qty": "0.49300000", "quoteQty": "28.09114000", "time": 1693111567299, "isBuyerMaker": false, "isBestMatch": true}, {"id": 104587791, "price": "56.98000000", "qty": "0.04200000", "quoteQty": "2.39316000", "time": 1693111567299, "isBuyerMaker": false, "isBestMatch": true}, {"id": 104587792, "price": "56.98000000", "qty": "0.11300000", "quoteQty": "6.43874000", "time": 1693111567857, "isBuyerMaker": false, "isBestMatch": true}, {"id": 104587793, "price": "56.98000000", "qty": "0.33800000", "quoteQty": "19.25924000", "time": 1693111569667, "isBuyerMaker": false, "isBestMatch": true}, {"id": 104587794, "price": "56.98000000", "qty": "0.48500000", "quoteQty": "27.63530000", "time": 1693111569667, "isBuyerMaker": false, "isBestMatch": true}, {"id": 104587795, "price": "56.99000000", "qty": "0.17700000", "quoteQty": "10.08723000", "time": 1693111569667, "isBuyerMaker": false, "isBestMatch": true}, {"id": 104587796, "price": "57.00000000", "qty": "0.89500000", "quoteQty": "51.01500000", "time": 1693111597708, "isBuyerMaker": false, "isBestMatch": true}, {"id": 104587797, "price": "57.00000000", "qty": "0.49200000", "quoteQty": "28.04400000", "time": 1693111597708, "isBuyerMaker": false, "isBestMatch": true}, {"id": 104587798, "price": "57.00000000", "qty": "0.32500000", "quoteQty": "18.52500000", "time": 1693111597708, "isBuyerMaker": false, "isBestMatch": true}, {"id": 104587799, "price": "57.00000000", "qty": "0.49200000", "quoteQty": "28.04400000", "time": 1693111597717, "isBuyerMaker": false, "isBestMatch": true}, {"id": 104587800, "price": "57.00000000", "qty": "0.32500000", "quoteQty": "18.52500000", "time": 1693111597717, "isBuyerMaker": false, "isBestMatch": true}, {"id": 104587801, "price": "57.00000000", "qty": "0.35900000", "quoteQty": "20.46300000", "time": 1693111597717, "isBuyerMaker": false, "isBestMatch": true}, {"id": 104587802, "price": "57.00000000", "qty": "0.49200000", "quoteQty": "28.04400000", "time": 1693111597719, "isBuyerMaker": false, "isBestMatch": true}, {"id": 104587803, "price": "57.00000000", "qty": "0.32500000", "quoteQty": "18.52500000", "time": 1693111597719, "isBuyerMaker": false, "isBestMatch": true}, {"id": 104587804, "price": "57.00000000", "qty": "0.35900000", "quoteQty": "20.46300000", "time": 1693111597719, "isBuyerMaker": false, "isBestMatch": true}, {"id": 104587805, "price": "57.00000000", "qty": "0.13300000", "quoteQty": "7.58100000", "time": 1693111613344, "isBuyerMaker": false, "isBestMatch": true}, {"id": 104587806, "price": "57.00000000", "qty": "0.49200000", "quoteQty": "28.04400000", "time": 1693111613344, "isBuyerMaker": false, "isBestMatch": true}, {"id": 104587807, "price": "57.00000000", "qty": "0.49200000", "quoteQty": "28.04400000", "time": 1693111613344, "isBuyerMaker": false, "isBestMatch": true}, {"id": 104587808, "price": "57.00000000", "qty": "0.49200000", "quoteQty": "28.04400000", "time": 1693111613344, "isBuyerMaker": false, "isBestMatch": true}, {"id": 104587809, "price": "57.00000000", "qty": "0.49200000", "quoteQty": "28.04400000", "time": 1693111613344, "isBuyerMaker": false, "isBestMatch": true}, {"id": 104587810, "price": "57.00000000", "qty": "0.46600000", "quoteQty": "26.56200000", "time": 1693111613344, "isBuyerMaker": false, "isBestMatch": true}, {"id": 104587811, "price": "57.00000000", "qty": "0.02600000", "quoteQty": "1.48200000", "time": 1693111613348, "isBuyerMaker": false, "isBestMatch": true}, {"id": 104587812, "price": "57.00000000", "qty": "0.49200000", "quoteQty": "28.04400000", "time": 1693111613348, "isBuyerMaker": false, "isBestMatch": true}, {"id": 104587813, "price": "57.01000000", "qty": "0.36100000", "quoteQty": "20.58061000", "time": 1693111613348, "isBuyerMaker": false, "isBestMatch": true}, {"id": 104587814, "price": "57.01000000", "qty": "0.35900000", "quoteQty": "20.46659000", "time": 1693111613348, "isBuyerMaker": false, "isBestMatch": true}, {"id": 104587815, "price": "57.01000000", "qty": "1.19600000", "quoteQty": "68.18396000", "time": 1693111613348, "isBuyerMaker": false, "isBestMatch": true}, {"id": 104587816, "price": "57.02000000", "qty": "0.29900000", "quoteQty": "17.04898000", "time": 1693111643571, "isBuyerMaker": false, "isBestMatch": true}, {"id": 104587817, "price": "57.02000000", "qty": "0.27200000", "quoteQty": "15.50944000", "time": 1693111643571, "isBuyerMaker": false, "isBestMatch": true}, {"id": 104587818, "price": "57.02000000", "qty": "0.51600000", "quoteQty": "29.42232000", "time": 1693111643571, "isBuyerMaker": false, "isBestMatch": true}, {"id": 104587819, "price": "57.03000000", "qty": "0.49200000", "quoteQty": "28.05876000", "time": 1693111664170, "isBuyerMaker": false, "isBestMatch": true}, {"id": 104587820, "price": "57.03000000", "qty": "0.37300000", "quoteQty": "21.27219000", "time": 1693111664170, "isBuyerMaker": false, "isBestMatch": true}, {"id": 104587821, "price": "57.03000000", "qty": "0.29900000", "quoteQty": "17.05197000", "time": 1693111664170, "isBuyerMaker": false, "isBestMatch": true}, {"id": 104587822, "price": "57.03000000", "qty": "0.49200000", "quoteQty": "28.05876000", "time": 1693111664170, "isBuyerMaker": false, "isBestMatch": true}, {"id": 104587823, "price": "57.03000000", "qty": "0.37300000", "quoteQty": "21.27219000", "time": 1693111664170, "isBuyerMaker": false, "isBestMatch": true}, {"id": 104587824, "price": "57.03000000", "qty": "0.49200000", "quoteQty": "28.05876000", "time": 1693111664170, "isBuyerMaker": false, "isBestMatch": true}, {"id": 104587825, "price": "57.03000000", "qty": "0.37300000", "quoteQty": "21.27219000", "time": 1693111664170, "isBuyerMaker": false, "isBestMatch": true}, {"id": 104587826, "price": "57.03000000", "qty": "0.49200000", "quoteQty": "28.05876000", "time": 1693111664170, "isBuyerMaker": false, "isBestMatch": true}, {"id": 104587827, "price": "57.03000000", "qty": "0.37300000", "quoteQty": "21.27219000", "time": 1693111664170, "isBuyerMaker": false, "isBestMatch": true}, {"id": 104587828, "price": "57.03000000", "qty": "0.49200000", "quoteQty": "28.05876000", "time": 1693111664170, "isBuyerMaker": false, "isBestMatch": true}, {"id": 104587829, "price": "57.03000000", "qty": "0.37300000", "quoteQty": "21.27219000", "time": 1693111664170, "isBuyerMaker": false, "isBestMatch": true}, {"id": 104587830, "price": "57.03000000", "qty": "0.49200000", "quoteQty": "28.05876000", "time": 1693111664170, "isBuyerMaker": false, "isBestMatch": true}, {"id": 104587831, "price": "57.03000000", "qty": "0.36400000", "quoteQty": "20.75892000", "time": 1693111664170, "isBuyerMaker": false, "isBestMatch": true}, {"id": 104587832, "price": "57.03000000", "qty": "0.49200000", "quoteQty": "28.05876000", "time": 1693111664170, "isBuyerMaker": false, "isBestMatch": true}, {"id": 104587833, "price": "57.03000000", "qty": "0.49200000", "quoteQty": "28.05876000", "time": 1693111664170, "isBuyerMaker": false, "isBestMatch": true}, {"id": 104587834, "price": "57.03000000", "qty": "0.49200000", "quoteQty": "28.05876000", "time": 1693111664170, "isBuyerMaker": false, "isBestMatch": true}, {"id": 104587835, "price": "57.03000000", "qty": "0.49000000", "quoteQty": "27.94470000", "time": 1693111664170, "isBuyerMaker": false, "isBestMatch": true}, {"id": 104587836, "price": "57.04000000", "qty": "0.21200000", "quoteQty": "12.09248000", "time": 1693111664170, "isBuyerMaker": false, "isBestMatch": true}, {"id": 104587837, "price": "57.04000000", "qty": "10.94600000", "quoteQty": "624.35984000", "time": 1693111664170, "isBuyerMaker": false, "isBestMatch": true}, {"id": 104587838, "price": "57.04000000", "qty": "0.49100000", "quoteQty": "28.00664000", "time": 1693111664170, "isBuyerMaker": false, "isBestMatch": true}, {"id": 104587839, "price": "57.05000000", "qty": "1.93300000", "quoteQty": "110.27765000", "time": 1693111664170, "isBuyerMaker": false, "isBestMatch": true}, {"id": 104587840, "price": "57.05000000", "qty": "2.60000000", "quoteQty": "148.33000000", "time": 1693111664170, "isBuyerMaker": false, "isBestMatch": true}, {"id": 104587841, "price": "57.05000000", "qty": "8.60000000", "quoteQty": "490.63000000", "time": 1693111664170, "isBuyerMaker": false, "isBestMatch": true}, {"id": 104587842, "price": "57.05000000", "qty": "0.55000000", "quoteQty": "31.37750000", "time": 1693111664170, "isBuyerMaker": false, "isBestMatch": true}, {"id": 104587843, "price": "57.05000000", "qty": "10.94500000", "quoteQty": "624.41225000", "time": 1693111664170, "isBuyerMaker": false, "isBestMatch": true}, {"id": 104587844, "price": "57.06000000", "qty": "1.93300000", "quoteQty": "110.29698000", "time": 1693111664170, "isBuyerMaker": false, "isBestMatch": true}, {"id": 104587845, "price": "57.06000000", "qty": "12.28900000", "quoteQty": "701.21034000", "time": 1693111664170, "isBuyerMaker": false, "isBestMatch": true}, {"id": 104587846, "price": "57.06000000", "qty": "11.24500000", "quoteQty": "641.63970000", "time": 1693111664170, "isBuyerMaker": false, "isBestMatch": true}, {"id": 104587847, "price": "57.07000000", "qty": "10.94500000", "quoteQty": "624.63115000", "time": 1693111664170, "isBuyerMaker": false, "isBestMatch": true}, {"id": 104587848, "price": "57.07000000", "qty": "1.75300000", "quoteQty": "100.04371000", "time": 1693111664170, "isBuyerMaker": false, "isBestMatch": true}, {"id": 104587849, "price": "57.07000000", "qty": "0.45000000", "quoteQty": "25.68150000", "time": 1693111664170, "isBuyerMaker": false, "isBestMatch": true}, {"id": 104587850, "price": "57.08000000", "qty": "0.35400000", "quoteQty": "20.20632000", "time": 1693111664170, "isBuyerMaker": false, "isBestMatch": true}, {"id": 104587851, "price": "57.08000000", "qty": "16.92900000", "quoteQty": "966.30732000", "time": 1693111664170, "isBuyerMaker": false, "isBestMatch": true}, {"id": 104587852, "price": "57.08000000", "qty": "10.95000000", "quoteQty": "625.02600000", "time": 1693111664170, "isBuyerMaker": false, "isBestMatch": true}, {"id": 104587853, "price": "57.08000000", "qty": "16.41500000", "quoteQty": "936.96820000", "time": 1693111664170, "isBuyerMaker": false, "isBestMatch": true}, {"id": 104587854, "price": "57.08000000", "qty": "12.44300000", "quoteQty": "710.24644000", "time": 1693111664170, "isBuyerMaker": false, "isBestMatch": true}, {"id": 104587855, "price": "57.09000000", "qty": "0.22100000", "quoteQty": "12.61689000", "time": 1693111664170, "isBuyerMaker": false, "isBestMatch": true}, {"id": 104587856, "price": "57.09000000", "qty": "0.22100000", "quoteQty": "12.61689000", "time": 1693111664170, "isBuyerMaker": false, "isBestMatch": true}, {"id": 104587857, "price": "57.09000000", "qty": "1.49700000", "quoteQty": "85.46373000", "time": 1693111664170, "isBuyerMaker": false, "isBestMatch": true}, {"id": 104587858, "price": "57.09000000", "qty": "15.00400000", "quoteQty": "856.57836000", "time": 1693111664170, "isBuyerMaker": false, "isBestMatch": true}, {"id": 104587859, "price": "57.09000000", "qty": "0.50000000", "quoteQty": "28.54500000", "time": 1693111664170, "isBuyerMaker": false, "isBestMatch": true}, {"id": 104587860, "price": "57.09000000", "qty": "10.95000000", "quoteQty": "625.13550000", "time": 1693111664170, "isBuyerMaker": false, "isBestMatch": true}, {"id": 104587861, "price": "57.09000000", "qty": "53.67000000", "quoteQty": "3064.02030000", "time": 1693111664170, "isBuyerMaker": false, "isBestMatch": true}, {"id": 104587862, "price": "57.09000000", "qty": "111.83700000", "quoteQty": "6384.77433000", "time": 1693111664170, "isBuyerMaker": false, "isBestMatch": true}, {"id": 104587863, "price": "57.10000000", "qty": "0.13000000", "quoteQty": "7.42300000", "time": 1693111664170, "isBuyerMaker": false, "isBestMatch": true}, {"id": 104587864, "price": "57.10000000", "qty": "1.28700000", "quoteQty": "73.48770000", "time": 1693111664170, "isBuyerMaker": false, "isBestMatch": true}, {"id": 104587865, "price": "57.10000000", "qty": "0.65000000", "quoteQty": "37.11500000", "time": 1693111664170, "isBuyerMaker": false, "isBestMatch": true}, {"id": 104587866, "price": "57.10000000", "qty": "16.90500000", "quoteQty": "965.27550000", "time": 1693111664170, "isBuyerMaker": false, "isBestMatch": true}, {"id": 104587867, "price": "57.10000000", "qty": "2.37000000", "quoteQty": "135.32700000", "time": 1693111664170, "isBuyerMaker": false, "isBestMatch": true}, {"id": 104587868, "price": "57.10000000", "qty": "10.94500000", "quoteQty": "624.95950000", "time": 1693111664170, "isBuyerMaker": false, "isBestMatch": true}, {"id": 104587869, "price": "57.10000000", "qty": "42.85300000", "quoteQty": "2446.90630000", "time": 1693111664170, "isBuyerMaker": false, "isBestMatch": true}, {"id": 104587870, "price": "57.10000000", "qty": "11.32600000", "quoteQty": "646.71460000", "time": 1693111664170, "isBuyerMaker": false, "isBestMatch": true}, {"id": 104587871, "price": "57.10000000", "qty": "66.37500000", "quoteQty": "3790.01250000", "time": 1693111664170, "isBuyerMaker": false, "isBestMatch": true}, {"id": 104587872, "price": "57.10000000", "qty": "7.01300000", "quoteQty": "400.44230000", "time": 1693111664170, "isBuyerMaker": false, "isBestMatch": true}, {"id": 104587873, "price": "57.10000000", "qty": "11.68300000", "quoteQty": "667.09930000", "time": 1693111664170, "isBuyerMaker": false, "isBestMatch": true}, {"id": 104587874, "price": "57.05000000", "qty": "3.18000000", "quoteQty": "181.41900000", "time": 1693111664181, "isBuyerMaker": true, "isBestMatch": true}, {"id": 104587875, "price": "57.09000000", "qty": "0.96200000", "quoteQty": "54.92058000", "time": 1693111664181, "isBuyerMaker": false, "isBestMatch": true}, {"id": 104587876, "price": "57.09000000", "qty": "5.03800000", "quoteQty": "287.61942000", "time": 1693111664181, "isBuyerMaker": false, "isBestMatch": true}, {"id": 104587877, "price": "57.05000000", "qty": "2.70000000", "quoteQty": "154.03500000", "time": 1693111664186, "isBuyerMaker": false, "isBestMatch": true}, {"id": 104587878, "price": "57.07000000", "qty": "0.25100000", "quoteQty": "14.32457000", "time": 1693111664207, "isBuyerMaker": true, "isBestMatch": true}, {"id": 104587879, "price": "57.08000000", "qty": "3.80000000", "quoteQty": "216.90400000", "time": 1693111664273, "isBuyerMaker": false, "isBestMatch": true}, {"id": 104587880, "price": "57.08000000", "qty": "0.43800000", "quoteQty": "25.00104000", "time": 1693111664656, "isBuyerMaker": true, "isBestMatch": true}, {"id": 104587881, "price": "57.09000000", "qty": "0.36600000", "quoteQty": "20.89494000", "time": 1693111676290, "isBuyerMaker": false, "isBestMatch": true}, {"id": 104587882, "price": "57.09000000", "qty": "0.25500000", "quoteQty": "14.55795000", "time": 1693111676290, "isBuyerMaker": false, "isBestMatch": true}, {"id": 104587883, "price": "57.09000000", "qty": "0.36600000", "quoteQty": "20.89494000", "time": 1693111676290, "isBuyerMaker": false, "isBestMatch": true}, {"id": 104587884, "price": "57.09000000", "qty": "0.36600000", "quoteQty": "20.89494000", "time": 1693111676290, "isBuyerMaker": false, "isBestMatch": true}, {"id": 104587885, "price": "57.09000000", "qty": "0.36600000", "quoteQty": "20.89494000", "time": 1693111676290, "isBuyerMaker": false, "isBestMatch": true}, {"id": 104587886, "price": "57.09000000", "qty": "0.36600000", "quoteQty": "20.89494000", "time": 1693111676290, "isBuyerMaker": false, "isBestMatch": true}, {"id": 104587887, "price": "57.09000000", "qty": "0.00600000", "quoteQty": "0.34254000", "time": 1693111676290, "isBuyerMaker": false, "isBestMatch": true}, {"id": 104587888, "price": "57.10000000", "qty": "0.21100000", "quoteQty": "12.04810000", "time": 1693111676290, "isBuyerMaker": false, "isBestMatch": true}, {"id": 104587889, "price": "57.11000000", "qty": "0.20000000", "quoteQty": "11.42200000", "time": 1693111676290, "isBuyerMaker": false, "isBestMatch": true}, {"id": 104587890, "price": "57.11000000", "qty": "3.72300000", "quoteQty": "212.62053000", "time": 1693111676290, "isBuyerMaker": false, "isBestMatch": true}, {"id": 104587891, "price": "57.12000000", "qty": "0.48300000", "quoteQty": "27.58896000", "time": 1693111676290, "isBuyerMaker": false, "isBestMatch": true}, {"id": 104587892, "price": "57.12000000", "qty": "0.09500000", "quoteQty": "5.42640000", "time": 1693111676290, "isBuyerMaker": false, "isBestMatch": true}, {"id": 104587893, "price": "57.12000000", "qty": "0.12100000", "quoteQty": "6.91152000", "time": 1693111676290, "isBuyerMaker": false, "isBestMatch": true}, {"id": 104587894, "price": "57.12000000", "qty": "0.17700000", "quoteQty": "10.11024000", "time": 1693111676290, "isBuyerMaker": false, "isBestMatch": true}, {"id": 104587895, "price": "57.12000000", "qty": "3.88100000", "quoteQty": "221.68272000", "time": 1693111676290, "isBuyerMaker": false, "isBestMatch": true}, {"id": 104587896, "price": "57.12000000", "qty": "0.45000000", "quoteQty": "25.70400000", "time": 1693111676290, "isBuyerMaker": false, "isBestMatch": true}, {"id": 104587897, "price": "57.12000000", "qty": "0.50000000", "quoteQty": "28.56000000", "time": 1693111676290, "isBuyerMaker": false, "isBestMatch": true}, {"id": 104587898, "price": "57.12000000", "qty": "0.55000000", "quoteQty": "31.41600000", "time": 1693111676290, "isBuyerMaker": false, "isBestMatch": true}, {"id": 104587899, "price": "57.12000000", "qty": "2.50000000", "quoteQty": "142.80000000", "time": 1693111676290, "isBuyerMaker": false, "isBestMatch": true}, {"id": 104587900, "price": "57.12000000", "qty": "12.00000000", "quoteQty": "685.44000000", "time": 1693111676290, "isBuyerMaker": false, "isBestMatch": true}, {"id": 104587901, "price": "57.12000000", "qty": "9.57400000", "quoteQty": "546.86688000", "time": 1693111676290, "isBuyerMaker": false, "isBestMatch": true}, {"id": 104587902, "price": "57.10000000", "qty": "0.16500000", "quoteQty": "9.42150000", "time": 1693111678542, "isBuyerMaker": true, "isBestMatch": true}, {"id": 104587903, "price": "57.10000000", "qty": "4.30400000", "quoteQty": "245.75840000", "time": 1693111681266, "isBuyerMaker": true, "isBestMatch": true}, {"id": 104587904, "price": "57.10000000", "qty": "0.27800000", "quoteQty": "15.87380000", "time": 1693111706038, "isBuyerMaker": true, "isBestMatch": true}, {"id": 104587905, "price": "57.10000000", "qty": "12.19900000", "quoteQty": "696.56290000", "time": 1693111743669, "isBuyerMaker": true, "isBestMatch": true}, {"id": 104587906, "price": "57.10000000", "qty": "0.15200000", "quoteQty": "8.67920000", "time": 1693111743669, "isBuyerMaker": true, "isBestMatch": true}, {"id": 104587907, "price": "57.10000000", "qty": "36.78000000", "quoteQty": "2100.13800000", "time": 1693111743669, "isBuyerMaker": true, "isBestMatch": true}, {"id": 104587908, "price": "57.09000000", "qty": "10.95100000", "quoteQty": "625.19259000", "time": 1693111743673, "isBuyerMaker": true, "isBestMatch": true}, {"id": 104587909, "price": "57.08000000", "qty": "1.49600000", "quoteQty": "85.39168000", "time": 1693111743700, "isBuyerMaker": true, "isBestMatch": true}, {"id": 104587910, "price": "57.08000000", "qty": "1.75400000", "quoteQty": "100.11832000", "time": 1693111743700, "isBuyerMaker": true, "isBestMatch": true}, {"id": 104587911, "price": "57.08000000", "qty": "4.38600000", "quoteQty": "250.35288000", "time": 1693111743700, "isBuyerMaker": true, "isBestMatch": true}, {"id": 104587912, "price": "57.08000000", "qty": "11.40000000", "quoteQty": "650.71200000", "time": 1693111743700, "isBuyerMaker": true, "isBestMatch": true}, {"id": 104587913, "price": "57.08000000", "qty": "1.96400000", "quoteQty": "112.10512000", "time": 1693111743700, "isBuyerMaker": true, "isBestMatch": true}, {"id": 104587914, "price": "57.08000000", "qty": "0.20800000", "quoteQty": "11.87264000", "time": 1693111795448, "isBuyerMaker": true, "isBestMatch": true}, {"id": 104587915, "price": "57.08000000", "qty": "0.51000000", "quoteQty": "29.11080000", "time": 1693111810993, "isBuyerMaker": true, "isBestMatch": true}, {"id": 104587916, "price": "57.09000000", "qty": "0.31900000", "quoteQty": "18.21171000", "time": 1693111829573, "isBuyerMaker": false, "isBestMatch": true}, {"id": 104587917, "price": "57.09000000", "qty": "0.20900000", "quoteQty": "11.93181000", "time": 1693111829573, "isBuyerMaker": false, "isBestMatch": true}, {"id": 104587918, "price": "57.08000000", "qty": "0.09000000", "quoteQty": "5.13720000", "time": 1693111872575, "isBuyerMaker": true, "isBestMatch": true}, {"id": 104587919, "price": "57.08000000", "qty": "1.12300000", "quoteQty": "64.10084000", "time": 1693111895012, "isBuyerMaker": true, "isBestMatch": true}, {"id": 104587920, "price": "57.07000000", "qty": "4.42800000", "quoteQty": "252.70596000", "time": 1693111895012, "isBuyerMaker": true, "isBestMatch": true}, {"id": 104587921, "price": "57.07000000", "qty": "2.47000000", "quoteQty": "140.96290000", "time": 1693111895019, "isBuyerMaker": true, "isBestMatch": true}, {"id": 104587922, "price": "57.07000000", "qty": "3.00300000", "quoteQty": "171.38121000", "time": 1693111895019, "isBuyerMaker": true, "isBestMatch": true}, {"id": 104587923, "price": "57.07000000", "qty": "0.06100000", "quoteQty": "3.48127000", "time": 1693111895020, "isBuyerMaker": true, "isBestMatch": true}, {"id": 104587924, "price": "57.07000000", "qty": "1.75300000", "quoteQty": "100.04371000", "time": 1693111895020, "isBuyerMaker": true, "isBestMatch": true}, {"id": 104587925, "price": "57.07000000", "qty": "1.70500000", "quoteQty": "97.30435000", "time": 1693111895020, "isBuyerMaker": true, "isBestMatch": true}, {"id": 104587926, "price": "57.07000000", "qty": "1.02800000", "quoteQty": "58.66796000", "time": 1693112025923, "isBuyerMaker": true, "isBestMatch": true}, {"id": 104587927, "price": "57.08000000", "qty": "0.25200000", "quoteQty": "14.38416000", "time": 1693112030063, "isBuyerMaker": false, "isBestMatch": true}, {"id": 104587928, "price": "57.08000000", "qty": "0.87500000", "quoteQty": "49.94500000", "time": 1693112049207, "isBuyerMaker": true, "isBestMatch": true}, {"id": 104587929, "price": "57.08000000", "qty": "1.77300000", "quoteQty": "101.20284000", "time": 1693112057174, "isBuyerMaker": true, "isBestMatch": true}, {"id": 104587930, "price": "57.08000000", "qty": "2.98600000", "quoteQty": "170.44088000", "time": 1693112159866, "isBuyerMaker": true, "isBestMatch": true}, {"id": 104587931, "price": "57.08000000", "qty": "0.19000000", "quoteQty": "10.84520000", "time": 1693112159866, "isBuyerMaker": true, "isBestMatch": true}, {"id": 104587932, "price": "57.07000000", "qty": "0.22600000", "quoteQty": "12.89782000", "time": 1693112277299, "isBuyerMaker": true, "isBestMatch": true}, {"id": 104587933, "price": "57.08000000", "qty": "0.35400000", "quoteQty": "20.20632000", "time": 1693112300496, "isBuyerMaker": false, "isBestMatch": true}, {"id": 104587934, "price": "57.08000000", "qty": "0.13000000", "quoteQty": "7.42040000", "time": 1693112300496, "isBuyerMaker": false, "isBestMatch": true}, {"id": 104587935, "price": "57.08000000", "qty": "0.95700000", "quoteQty": "54.62556000", "time": 1693112300496, "isBuyerMaker": false, "isBestMatch": true}, {"id": 104587936, "price": "57.09000000", "qty": "0.49200000", "quoteQty": "28.08828000", "time": 1693112302048, "isBuyerMaker": false, "isBestMatch": true}, {"id": 104587937, "price": "57.09000000", "qty": "1.75300000", "quoteQty": "100.07877000", "time": 1693112302048, "isBuyerMaker": false, "isBestMatch": true}, {"id": 104587938, "price": "57.09000000", "qty": "0.27100000", "quoteQty": "15.47139000", "time": 1693112302048, "isBuyerMaker": false, "isBestMatch": true}, {"id": 104587939, "price": "57.09000000", "qty": "0.49200000", "quoteQty": "28.08828000", "time": 1693112302072, "isBuyerMaker": false, "isBestMatch": true}, {"id": 104587940, "price": "57.09000000", "qty": "0.27100000", "quoteQty": "15.47139000", "time": 1693112302072, "isBuyerMaker": false, "isBestMatch": true}, {"id": 104587941, "price": "57.09000000", "qty": "0.99000000", "quoteQty": "56.51910000", "time": 1693112302072, "isBuyerMaker": false, "isBestMatch": true}, {"id": 104587942, "price": "57.09000000", "qty": "0.49200000", "quoteQty": "28.08828000", "time": 1693112354902, "isBuyerMaker": false, "isBestMatch": true}, {"id": 104587943, "price": "57.09000000", "qty": "0.42800000", "quoteQty": "24.43452000", "time": 1693112354902, "isBuyerMaker": false, "isBestMatch": true}, {"id": 104587944, "price": "57.09000000", "qty": "0.30000000", "quoteQty": "17.12700000", "time": 1693112354902, "isBuyerMaker": false, "isBestMatch": true}, {"id": 104587945, "price": "57.09000000", "qty": "0.49500000", "quoteQty": "28.25955000", "time": 1693112354902, "isBuyerMaker": false, "isBestMatch": true}, {"id": 104587946, "price": "57.09000000", "qty": "0.03600000", "quoteQty": "2.05524000", "time": 1693112354902, "isBuyerMaker": false, "isBestMatch": true}, {"id": 104587947, "price": "57.08000000", "qty": "0.44800000", "quoteQty": "25.57184000", "time": 1693112404849, "isBuyerMaker": false, "isBestMatch": true}, {"id": 104587948, "price": "57.09000000", "qty": "0.45600000", "quoteQty": "26.03304000", "time": 1693112447556, "isBuyerMaker": false, "isBestMatch": true}, {"id": 104587949, "price": "57.09000000", "qty": "0.34300000", "quoteQty": "19.58187000", "time": 1693112447556, "isBuyerMaker": false, "isBestMatch": true}, {"id": 104587950, "price": "57.09000000", "qty": "0.24700000", "quoteQty": "14.10123000", "time": 1693112447556, "isBuyerMaker": false, "isBestMatch": true}, {"id": 104587951, "price": "57.09000000", "qty": "0.49200000", "quoteQty": "28.08828000", "time": 1693112447556, "isBuyerMaker": false, "isBestMatch": true}, {"id": 104587952, "price": "57.09000000", "qty": "0.33800000", "quoteQty": "19.29642000", "time": 1693112447556, "isBuyerMaker": false, "isBestMatch": true}, {"id": 104587953, "price": "57.09000000", "qty": "0.00500000", "quoteQty": "0.28545000", "time": 1693112463484, "isBuyerMaker": false, "isBestMatch": true}, {"id": 104587954, "price": "57.09000000", "qty": "0.11500000", "quoteQty": "6.56535000", "time": 1693112463484, "isBuyerMaker": false, "isBestMatch": true}, {"id": 104587955, "price": "57.09000000", "qty": "0.37700000", "quoteQty": "21.52293000", "time": 1693112628036, "isBuyerMaker": false, "isBestMatch": true}, {"id": 104587956, "price": "57.09000000", "qty": "0.31600000", "quoteQty": "18.04044000", "time": 1693112628036, "isBuyerMaker": false, "isBestMatch": true}, {"id": 104587957, "price": "57.09000000", "qty": "2.62700000", "quoteQty": "149.97543000", "time": 1693112628036, "isBuyerMaker": false, "isBestMatch": true}, {"id": 104587958, "price": "57.09000000", "qty": "0.49200000", "quoteQty": "28.08828000", "time": 1693112643118, "isBuyerMaker": false, "isBestMatch": true}, {"id": 104587959, "price": "57.09000000", "qty": "0.49200000", "quoteQty": "28.08828000", "time": 1693112643118, "isBuyerMaker": false, "isBestMatch": true}, {"id": 104587960, "price": "57.09000000", "qty": "0.49200000", "quoteQty": "28.08828000", "time": 1693112643118, "isBuyerMaker": false, "isBestMatch": true}, {"id": 104587961, "price": "57.09000000", "qty": "0.42900000", "quoteQty": "24.49161000", "time": 1693112643118, "isBuyerMaker": false, "isBestMatch": true}, {"id": 104587962, "price": "57.09000000", "qty": "0.05700000", "quoteQty": "3.25413000", "time": 1693112650558, "isBuyerMaker": false, "isBestMatch": true}, {"id": 104587963, "price": "57.10000000", "qty": "4.14800000", "quoteQty": "236.85080000", "time": 1693112654830, "isBuyerMaker": false, "isBestMatch": true}, {"id": 104587964, "price": "57.10000000", "qty": "1.10500000", "quoteQty": "63.09550000", "time": 1693112654834, "isBuyerMaker": false, "isBestMatch": true}, {"id": 104587965, "price": "57.10000000", "qty": "0.12200000", "quoteQty": "6.96620000", "time": 1693112654834, "isBuyerMaker": false, "isBestMatch": true}, {"id": 104587966, "price": "57.10000000", "qty": "0.22100000", "quoteQty": "12.61910000", "time": 1693112654838, "isBuyerMaker": false, "isBestMatch": true}, {"id": 104587967, "price": "57.10000000", "qty": "0.34300000", "quoteQty": "19.58530000", "time": 1693112654838, "isBuyerMaker": false, "isBestMatch": true}, {"id": 104587968, "price": "57.10000000", "qty": "0.34300000", "quoteQty": "19.58530000", "time": 1693112654838, "isBuyerMaker": false, "isBestMatch": true}, {"id": 104587969, "price": "57.10000000", "qty": "0.34300000", "quoteQty": "19.58530000", "time": 1693112654838, "isBuyerMaker": false, "isBestMatch": true}, {"id": 104587970, "price": "57.10000000", "qty": "0.19800000", "quoteQty": "11.30580000", "time": 1693112654838, "isBuyerMaker": false, "isBestMatch": true}, {"id": 104587971, "price": "57.10000000", "qty": "0.14500000", "quoteQty": "8.27950000", "time": 1693112654839, "isBuyerMaker": false, "isBestMatch": true}, {"id": 104587972, "price": "57.10000000", "qty": "0.07600000", "quoteQty": "4.33960000", "time": 1693112654839, "isBuyerMaker": false, "isBestMatch": true}, {"id": 104587973, "price": "57.11000000", "qty": "3.18000000", "quoteQty": "181.60980000", "time": 1693112654846, "isBuyerMaker": false, "isBestMatch": true}, {"id": 104587974, "price": "57.11000000", "qty": "0.51600000", "quoteQty": "29.46876000", "time": 1693112654846, "isBuyerMaker": false, "isBestMatch": true}, {"id": 104587975, "price": "57.11000000", "qty": "0.24800000", "quoteQty": "14.16328000", "time": 1693112654846, "isBuyerMaker": false, "isBestMatch": true}, {"id": 104587976, "price": "57.11000000", "qty": "0.51600000", "quoteQty": "29.46876000", "time": 1693112658037, "isBuyerMaker": false, "isBestMatch": true}, {"id": 104587977, "price": "57.11000000", "qty": "0.52700000", "quoteQty": "30.09697000", "time": 1693112658037, "isBuyerMaker": false, "isBestMatch": true}, {"id": 104587978, "price": "57.11000000", "qty": "0.51600000", "quoteQty": "29.46876000", "time": 1693112658048, "isBuyerMaker": false, "isBestMatch": true}, {"id": 104587979, "price": "57.10000000", "qty": "0.16500000", "quoteQty": "9.42150000", "time": 1693112714693, "isBuyerMaker": true, "isBestMatch": true}, {"id": 104587980, "price": "57.10000000", "qty": "1.93200000", "quoteQty": "110.31720000", "time": 1693112714693, "isBuyerMaker": true, "isBestMatch": true}, {"id": 104587981, "price": "57.10000000", "qty": "0.76800000", "quoteQty": "43.85280000", "time": 1693112715748, "isBuyerMaker": true, "isBestMatch": true}, {"id": 104587982, "price": "57.10000000", "qty": "0.22300000", "quoteQty": "12.73330000", "time": 1693112768020, "isBuyerMaker": true, "isBestMatch": true}, {"id": 104587983, "price": "57.10000000", "qty": "0.11300000", "quoteQty": "6.45230000", "time": 1693112822934, "isBuyerMaker": true, "isBestMatch": true}, {"id": 104587984, "price": "57.11000000", "qty": "0.36700000", "quoteQty": "20.95937000", "time": 1693112845864, "isBuyerMaker": false, "isBestMatch": true}, {"id": 104587985, "price": "57.11000000", "qty": "0.36700000", "quoteQty": "20.95937000", "time": 1693112894661, "isBuyerMaker": false, "isBestMatch": true}, {"id": 104587986, "price": "57.11000000", "qty": "0.20300000", "quoteQty": "11.59333000", "time": 1693112894661, "isBuyerMaker": false, "isBestMatch": true}, {"id": 104587987, "price": "57.11000000", "qty": "0.16400000", "quoteQty": "9.36604000", "time": 1693112907075, "isBuyerMaker": false, "isBestMatch": true}, {"id": 104587988, "price": "57.11000000", "qty": "0.36700000", "quoteQty": "20.95937000", "time": 1693112907075, "isBuyerMaker": false, "isBestMatch": true}, {"id": 104587989, "price": "57.11000000", "qty": "0.36600000", "quoteQty": "20.90226000", "time": 1693112907075, "isBuyerMaker": false, "isBestMatch": true}, {"id": 104587990, "price": "57.12000000", "qty": "0.51600000", "quoteQty": "29.47392000", "time": 1693112912189, "isBuyerMaker": false, "isBestMatch": true}, {"id": 104587991, "price": "57.12000000", "qty": "0.22300000", "quoteQty": "12.73776000", "time": 1693112912189, "isBuyerMaker": false, "isBestMatch": true}, {"id": 104587992, "price": "57.12000000", "qty": "0.39700000", "quoteQty": "22.67664000", "time": 1693112912189, "isBuyerMaker": false, "isBestMatch": true}, {"id": 104587993, "price": "57.12000000", "qty": "0.51600000", "quoteQty": "29.47392000", "time": 1693112912193, "isBuyerMaker": false, "isBestMatch": true}, {"id": 104587994, "price": "57.12000000", "qty": "0.39700000", "quoteQty": "22.67664000", "time": 1693112912193, "isBuyerMaker": false, "isBestMatch": true}, {"id": 104587995, "price": "57.12000000", "qty": "0.11300000", "quoteQty": "6.45456000", "time": 1693112912193, "isBuyerMaker": false, "isBestMatch": true}, {"id": 104587996, "price": "57.12000000", "qty": "0.11000000", "quoteQty": "6.28320000", "time": 1693112912193, "isBuyerMaker": false, "isBestMatch": true}, {"id": 104587997, "price": "57.11000000", "qty": "0.60000000", "quoteQty": "34.26600000", "time": 1693112973164, "isBuyerMaker": true, "isBestMatch": true}, {"id": 104587998, "price": "57.12000000", "qty": "0.33000000", "quoteQty": "18.84960000", "time": 1693112979682, "isBuyerMaker": false, "isBestMatch": true}, {"id": 104587999, "price": "57.12000000", "qty": "0.02700000", "quoteQty": "1.54224000", "time": 1693113010753, "isBuyerMaker": false, "isBestMatch": true}, {"id": 104588000, "price": "57.12000000", "qty": "0.67700000", "quoteQty": "38.67024000", "time": 1693113010753, "isBuyerMaker": false, "isBestMatch": true}, {"id": 104588001, "price": "57.12000000", "qty": "0.30000000", "quoteQty": "17.13600000", "time": 1693113010753, "isBuyerMaker": false, "isBestMatch": true}, {"id": 104588002, "price": "57.12000000", "qty": "0.19600000", "quoteQty": "11.19552000", "time": 1693113010753, "isBuyerMaker": false, "isBestMatch": true}, {"id": 104588003, "price": "57.13000000", "qty": "0.21400000", "quoteQty": "12.22582000", "time": 1693113035784, "isBuyerMaker": false, "isBestMatch": true}, {"id": 104588004, "price": "57.13000000", "qty": "0.51600000", "quoteQty": "29.47908000", "time": 1693113035784, "isBuyerMaker": false, "isBestMatch": true}, {"id": 104588005, "price": "57.13000000", "qty": "0.41200000", "quoteQty": "23.53756000", "time": 1693113035784, "isBuyerMaker": false, "isBestMatch": true}, {"id": 104588006, "price": "57.13000000", "qty": "0.51600000", "quoteQty": "29.47908000", "time": 1693113035784, "isBuyerMaker": false, "isBestMatch": true}, {"id": 104588007, "price": "57.13000000", "qty": "0.51600000", "quoteQty": "29.47908000", "time": 1693113035784, "isBuyerMaker": false, "isBestMatch": true}, {"id": 104588008, "price": "57.13000000", "qty": "0.51600000", "quoteQty": "29.47908000", "time": 1693113035784, "isBuyerMaker": false, "isBestMatch": true}, {"id": 104588009, "price": "57.13000000", "qty": "0.51600000", "quoteQty": "29.47908000", "time": 1693113035784, "isBuyerMaker": false, "isBestMatch": true}, {"id": 104588010, "price": "57.13000000", "qty": "0.51600000", "quoteQty": "29.47908000", "time": 1693113035784, "isBuyerMaker": false, "isBestMatch": true}, {"id": 104588011, "price": "57.13000000", "qty": "0.51600000", "quoteQty": "29.47908000", "time": 1693113035784, "isBuyerMaker": false, "isBestMatch": true}, {"id": 104588012, "price": "57.13000000", "qty": "0.51600000", "quoteQty": "29.47908000", "time": 1693113035784, "isBuyerMaker": false, "isBestMatch": true}, {"id": 104588013, "price": "57.13000000", "qty": "0.51600000", "quoteQty": "29.47908000", "time": 1693113035784, "isBuyerMaker": false, "isBestMatch": true}, {"id": 104588014, "price": "57.13000000", "qty": "0.03000000", "quoteQty": "1.71390000", "time": 1693113035784, "isBuyerMaker": false, "isBestMatch": true}, {"id": 104588015, "price": "57.13000000", "qty": "0.48400000", "quoteQty": "27.65092000", "time": 1693113039805, "isBuyerMaker": false, "isBestMatch": true}, {"id": 104588016, "price": "57.13000000", "qty": "0.33200000", "quoteQty": "18.96716000", "time": 1693113039805, "isBuyerMaker": false, "isBestMatch": true}, {"id": 104588017, "price": "57.13000000", "qty": "0.33200000", "quoteQty": "18.96716000", "time": 1693113100149, "isBuyerMaker": false, "isBestMatch": true}, {"id": 104588018, "price": "57.13000000", "qty": "0.29900000", "quoteQty": "17.08187000", "time": 1693113100149, "isBuyerMaker": false, "isBestMatch": true}, {"id": 104588019, "price": "57.13000000", "qty": "0.00100000", "quoteQty": "0.05713000", "time": 1693113131159, "isBuyerMaker": false, "isBestMatch": true}, {"id": 104588020, "price": "57.13000000", "qty": "0.33200000", "quoteQty": "18.96716000", "time": 1693113131159, "isBuyerMaker": false, "isBestMatch": true}, {"id": 104588021, "price": "57.13000000", "qty": "0.33200000", "quoteQty": "18.96716000", "time": 1693113131159, "isBuyerMaker": false, "isBestMatch": true}, {"id": 104588022, "price": "57.13000000", "qty": "0.19400000", "quoteQty": "11.08322000", "time": 1693113131159, "isBuyerMaker": false, "isBestMatch": true}, {"id": 104588023, "price": "57.13000000", "qty": "0.13800000", "quoteQty": "7.88394000", "time": 1693113178792, "isBuyerMaker": false, "isBestMatch": true}, {"id": 104588024, "price": "57.13000000", "qty": "0.12000000", "quoteQty": "6.85560000", "time": 1693113178794, "isBuyerMaker": false, "isBestMatch": true}, {"id": 104588025, "price": "57.13000000", "qty": "0.13800000", "quoteQty": "7.88394000", "time": 1693113182063, "isBuyerMaker": false, "isBestMatch": true}, {"id": 104588026, "price": "57.14000000", "qty": "3.78300000", "quoteQty": "216.16062000", "time": 1693113182063, "isBuyerMaker": false, "isBestMatch": true}, {"id": 104588027, "price": "57.14000000", "qty": "3.99000000", "quoteQty": "227.98860000", "time": 1693113182063, "isBuyerMaker": false, "isBestMatch": true}, {"id": 104588028, "price": "57.14000000", "qty": "0.28900000", "quoteQty": "16.51346000", "time": 1693113182063, "isBuyerMaker": false, "isBestMatch": true}, {"id": 104588029, "price": "57.15000000", "qty": "0.62200000", "quoteQty": "35.54730000", "time": 1693113182068, "isBuyerMaker": false, "isBestMatch": true}, {"id": 104588030, "price": "57.15000000", "qty": "0.21100000", "quoteQty": "12.05865000", "time": 1693113182068, "isBuyerMaker": false, "isBestMatch": true}, {"id": 104588031, "price": "57.15000000", "qty": "0.48900000", "quoteQty": "27.94635000", "time": 1693113182068, "isBuyerMaker": false, "isBestMatch": true}, {"id": 104588032, "price": "57.15000000", "qty": "0.51600000", "quoteQty": "29.48940000", "time": 1693113182068, "isBuyerMaker": false, "isBestMatch": true}, {"id": 104588033, "price": "57.15000000", "qty": "0.51600000", "quoteQty": "29.48940000", "time": 1693113182068, "isBuyerMaker": false, "isBestMatch": true}, {"id": 104588034, "price": "57.15000000", "qty": "0.51600000", "quoteQty": "29.48940000", "time": 1693113182068, "isBuyerMaker": false, "isBestMatch": true}, {"id": 104588035, "price": "57.15000000", "qty": "0.23100000", "quoteQty": "13.20165000", "time": 1693113182068, "isBuyerMaker": false, "isBestMatch": true}, {"id": 104588036, "price": "57.14000000", "qty": "0.18900000", "quoteQty": "10.79946000", "time": 1693113182691, "isBuyerMaker": true, "isBestMatch": true}, {"id": 104588037, "price": "57.14000000", "qty": "1.93100000", "quoteQty": "110.33734000", "time": 1693113251863, "isBuyerMaker": true, "isBestMatch": true}, {"id": 104588038, "price": "57.14000000", "qty": "0.20300000", "quoteQty": "11.59942000", "time": 1693113251863, "isBuyerMaker": true, "isBestMatch": true}, {"id": 104588039, "price": "57.14000000", "qty": "1.93000000", "quoteQty": "110.28020000", "time": 1693113251871, "isBuyerMaker": true, "isBestMatch": true}, {"id": 104588040, "price": "57.13000000", "qty": "0.20400000", "quoteQty": "11.65452000", "time": 1693113257449, "isBuyerMaker": true, "isBestMatch": true}, {"id": 104588041, "price": "57.14000000", "qty": "0.67000000", "quoteQty": "38.28380000", "time": 1693113341167, "isBuyerMaker": true, "isBestMatch": true}, {"id": 104588042, "price": "57.14000000", "qty": "1.12800000", "quoteQty": "64.45392000", "time": 1693113341167, "isBuyerMaker": true, "isBestMatch": true}, {"id": 104588043, "price": "57.14000000", "qty": "1.75100000", "quoteQty": "100.05214000", "time": 1693113407915, "isBuyerMaker": true, "isBestMatch": true}, {"id": 104588044, "price": "57.14000000", "qty": "4.16200000", "quoteQty": "237.81668000", "time": 1693113407915, "isBuyerMaker": true, "isBestMatch": true}, {"id": 104588045, "price": "57.14000000", "qty": "2.41700000", "quoteQty": "138.10738000", "time": 1693113407915, "isBuyerMaker": true, "isBestMatch": true}, {"id": 104588046, "price": "57.14000000", "qty": "3.90000000", "quoteQty": "222.84600000", "time": 1693113407915, "isBuyerMaker": true, "isBestMatch": true}, {"id": 104588047, "price": "57.14000000", "qty": "6.08400000", "quoteQty": "347.63976000", "time": 1693113407915, "isBuyerMaker": true, "isBestMatch": true}, {"id": 104588048, "price": "57.14000000", "qty": "2.82500000", "quoteQty": "161.42050000", "time": 1693113407915, "isBuyerMaker": true, "isBestMatch": true}, {"id": 104588049, "price": "57.14000000", "qty": "8.41000000", "quoteQty": "480.54740000", "time": 1693113407915, "isBuyerMaker": true, "isBestMatch": true}, {"id": 104588050, "price": "57.14000000", "qty": "3.95600000", "quoteQty": "226.04584000", "time": 1693113407922, "isBuyerMaker": true, "isBestMatch": true}, {"id": 104588051, "price": "57.14000000", "qty": "10.03400000", "quoteQty": "573.34276000", "time": 1693113407922, "isBuyerMaker": true, "isBestMatch": true}, {"id": 104588052, "price": "57.14000000", "qty": "0.97000000", "quoteQty": "55.42580000", "time": 1693113458172, "isBuyerMaker": false, "isBestMatch": true}, {"id": 104588053, "price": "57.14000000", "qty": "0.48000000", "quoteQty": "27.42720000", "time": 1693113458172, "isBuyerMaker": false, "isBestMatch": true}, {"id": 104588054, "price": "57.14000000", "qty": "0.48000000", "quoteQty": "27.42720000", "time": 1693113458172, "isBuyerMaker": false, "isBestMatch": true}, {"id": 104588055, "price": "57.14000000", "qty": "0.47000000", "quoteQty": "26.85580000", "time": 1693113458172, "isBuyerMaker": false, "isBestMatch": true}, {"id": 104588056, "price": "57.12000000", "qty": "0.48500000", "quoteQty": "27.70320000", "time": 1693113606553, "isBuyerMaker": false, "isBestMatch": true}, {"id": 104588057, "price": "57.12000000", "qty": "1.57700000", "quoteQty": "90.07824000", "time": 1693113606553, "isBuyerMaker": false, "isBestMatch": true}, {"id": 104588058, "price": "57.13000000", "qty": "0.32000000", "quoteQty": "18.28160000", "time": 1693113632927, "isBuyerMaker": false, "isBestMatch": true}, {"id": 104588059, "price": "57.13000000", "qty": "0.32000000", "quoteQty": "18.28160000", "time": 1693113632927, "isBuyerMaker": false, "isBestMatch": true}, {"id": 104588060, "price": "57.13000000", "qty": "0.32000000", "quoteQty": "18.28160000", "time": 1693113632927, "isBuyerMaker": false, "isBestMatch": true}, {"id": 104588061, "price": "57.13000000", "qty": "0.32000000", "quoteQty": "18.28160000", "time": 1693113632927, "isBuyerMaker": false, "isBestMatch": true}, {"id": 104588062, "price": "57.13000000", "qty": "0.32000000", "quoteQty": "18.28160000", "time": 1693113632927, "isBuyerMaker": false, "isBestMatch": true}, {"id": 104588063, "price": "57.13000000", "qty": "0.20000000", "quoteQty": "11.42600000", "time": 1693113632927, "isBuyerMaker": false, "isBestMatch": true}, {"id": 104588064, "price": "57.14000000", "qty": "0.24200000", "quoteQty": "13.82788000", "time": 1693113662288, "isBuyerMaker": false, "isBestMatch": true}, {"id": 104588065, "price": "57.14000000", "qty": "0.28800000", "quoteQty": "16.45632000", "time": 1693113662288, "isBuyerMaker": false, "isBestMatch": true}, {"id": 104588066, "price": "57.14000000", "qty": "1.93000000", "quoteQty": "110.28020000", "time": 1693113662288, "isBuyerMaker": false, "isBestMatch": true}, {"id": 104588067, "price": "57.14000000", "qty": "0.28800000", "quoteQty": "16.45632000", "time": 1693113662297, "isBuyerMaker": false, "isBestMatch": true}, {"id": 104588068, "price": "57.14000000", "qty": "0.24300000", "quoteQty": "13.88502000", "time": 1693113662312, "isBuyerMaker": false, "isBestMatch": true}, {"id": 104588069, "price": "57.15000000", "qty": "0.51600000", "quoteQty": "29.48940000", "time": 1693113684388, "isBuyerMaker": false, "isBestMatch": true}, {"id": 104588070, "price": "57.15000000", "qty": "0.51600000", "quoteQty": "29.48940000", "time": 1693113684388, "isBuyerMaker": false, "isBestMatch": true}, {"id": 104588071, "price": "57.15000000", "qty": "0.51600000", "quoteQty": "29.48940000", "time": 1693113684388, "isBuyerMaker": false, "isBestMatch": true}, {"id": 104588072, "price": "57.15000000", "qty": "0.51600000", "quoteQty": "29.48940000", "time": 1693113684388, "isBuyerMaker": false, "isBestMatch": true}, {"id": 104588073, "price": "57.15000000", "qty": "0.51600000", "quoteQty": "29.48940000", "time": 1693113684388, "isBuyerMaker": false, "isBestMatch": true}, {"id": 104588074, "price": "57.15000000", "qty": "0.51600000", "quoteQty": "29.48940000", "time": 1693113684388, "isBuyerMaker": false, "isBestMatch": true}, {"id": 104588075, "price": "57.15000000", "qty": "0.37300000", "quoteQty": "21.31695000", "time": 1693113684388, "isBuyerMaker": false, "isBestMatch": true}, {"id": 104588076, "price": "57.15000000", "qty": "0.14300000", "quoteQty": "8.17245000", "time": 1693113684569, "isBuyerMaker": false, "isBestMatch": true}, {"id": 104588077, "price": "57.15000000", "qty": "0.37300000", "quoteQty": "21.31695000", "time": 1693113684572, "isBuyerMaker": false, "isBestMatch": true}, {"id": 104588078, "price": "57.15000000", "qty": "0.14300000", "quoteQty": "8.17245000", "time": 1693113685895, "isBuyerMaker": false, "isBestMatch": true}, {"id": 104588079, "price": "57.15000000", "qty": "0.51600000", "quoteQty": "29.48940000", "time": 1693113685895, "isBuyerMaker": false, "isBestMatch": true}, {"id": 104588080, "price": "57.15000000", "qty": "0.51200000", "quoteQty": "29.26080000", "time": 1693113685895, "isBuyerMaker": false, "isBestMatch": true}, {"id": 104588081, "price": "57.16000000", "qty": "0.21700000", "quoteQty": "12.40372000", "time": 1693113686745, "isBuyerMaker": true, "isBestMatch": true}