[{"id": 32677560, "price": "0.95150000", "qty": "3502.80000000", "quoteQty": "3332.91420000", "time": 1693113530112, "isBuyerMaker": true, "isBestMatch": true}, {"id": 32677561, "price": "0.95150000", "qty": "1371.40000000", "quoteQty": "1304.88710000", "time": 1693113530112, "isBuyerMaker": true, "isBestMatch": true}, {"id": 32677562, "price": "0.95150000", "qty": "261.00000000", "quoteQty": "248.34150000", "time": 1693113530112, "isBuyerMaker": true, "isBestMatch": true}, {"id": 32677563, "price": "0.95150000", "qty": "1390.50000000", "quoteQty": "1323.06075000", "time": 1693113530112, "isBuyerMaker": true, "isBestMatch": true}, {"id": 32677564, "price": "0.95150000", "qty": "420.80000000", "quoteQty": "400.39120000", "time": 1693113530479, "isBuyerMaker": false, "isBestMatch": true}, {"id": 32677565, "price": "0.95150000", "qty": "101.00000000", "quoteQty": "96.10150000", "time": 1693113543217, "isBuyerMaker": false, "isBestMatch": true}, {"id": 32677566, "price": "0.95140000", "qty": "250.00000000", "quoteQty": "237.85000000", "time": 1693113552691, "isBuyerMaker": true, "isBestMatch": true}, {"id": 32677567, "price": "0.95140000", "qty": "27.00000000", "quoteQty": "25.68780000", "time": 1693113552917, "isBuyerMaker": false, "isBestMatch": true}, {"id": 32677568, "price": "0.95130000", "qty": "52.00000000", "quoteQty": "49.46760000", "time": 1693113554539, "isBuyerMaker": true, "isBestMatch": true}, {"id": 32677569, "price": "0.95140000", "qty": "420.40000000", "quoteQty": "399.96856000", "time": 1693113574654, "isBuyerMaker": false, "isBestMatch": true}, {"id": 32677570, "price": "0.95140000", "qty": "419.80000000", "quoteQty": "399.39772000", "time": 1693113601478, "isBuyerMaker": true, "isBestMatch": true}, {"id": 32677571, "price": "0.95140000", "qty": "1.00000000", "quoteQty": "0.95140000", "time": 1693113601478, "isBuyerMaker": true, "isBestMatch": true}, {"id": 32677572, "price": "0.95150000", "qty": "4134.70000000", "quoteQty": "3934.16705000", "time": 1693113606793, "isBuyerMaker": false, "isBestMatch": true}, {"id": 32677573, "price": "0.95160000", "qty": "1185.30000000", "quoteQty": "1127.93148000", "time": 1693113606797, "isBuyerMaker": false, "isBestMatch": true}, {"id": 32677574, "price": "0.95180000", "qty": "250.00000000", "quoteQty": "237.95000000", "time": 1693113609066, "isBuyerMaker": false, "isBestMatch": true}, {"id": 32677575, "price": "0.95190000", "qty": "28.80000000", "quoteQty": "27.41472000", "time": 1693113614344, "isBuyerMaker": false, "isBestMatch": true}, {"id": 32677576, "price": "0.95180000", "qty": "46.10000000", "quoteQty": "43.87798000", "time": 1693113659515, "isBuyerMaker": true, "isBestMatch": true}, {"id": 32677577, "price": "0.95190000", "qty": "192.20000000", "quoteQty": "182.95518000", "time": 1693113661552, "isBuyerMaker": false, "isBestMatch": true}, {"id": 32677578, "price": "0.95210000", "qty": "425.90000000", "quoteQty": "405.49939000", "time": 1693113662288, "isBuyerMaker": false, "isBestMatch": true}, {"id": 32677579, "price": "0.95220000", "qty": "22.10000000", "quoteQty": "21.04362000", "time": 1693113662355, "isBuyerMaker": false, "isBestMatch": true}, {"id": 32677580, "price": "0.95220000", "qty": "221.10000000", "quoteQty": "210.53142000", "time": 1693113662355, "isBuyerMaker": false, "isBestMatch": true}, {"id": 32677581, "price": "0.95220000", "qty": "221.10000000", "quoteQty": "210.53142000", "time": 1693113662355, "isBuyerMaker": false, "isBestMatch": true}, {"id": 32677582, "price": "0.95220000", "qty": "221.10000000", "quoteQty": "210.53142000", "time": 1693113662355, "isBuyerMaker": false, "isBestMatch": true}, {"id": 32677583, "price": "0.95220000", "qty": "221.10000000", "quoteQty": "210.53142000", "time": 1693113662355, "isBuyerMaker": false, "isBestMatch": true}, {"id": 32677584, "price": "0.95220000", "qty": "37.80000000", "quoteQty": "35.99316000", "time": 1693113662355, "isBuyerMaker": false, "isBestMatch": true}, {"id": 32677585, "price": "0.95220000", "qty": "183.30000000", "quoteQty": "174.53826000", "time": 1693113662396, "isBuyerMaker": false, "isBestMatch": true}, {"id": 32677586, "price": "0.95220000", "qty": "221.10000000", "quoteQty": "210.53142000", "time": 1693113662396, "isBuyerMaker": false, "isBestMatch": true}, {"id": 32677587, "price": "0.95220000", "qty": "221.10000000", "quoteQty": "210.53142000", "time": 1693113662396, "isBuyerMaker": false, "isBestMatch": true}, {"id": 32677588, "price": "0.95220000", "qty": "221.10000000", "quoteQty": "210.53142000", "time": 1693113662396, "isBuyerMaker": false, "isBestMatch": true}, {"id": 32677589, "price": "0.95220000", "qty": "75.80000000", "quoteQty": "72.17676000", "time": 1693113662396, "isBuyerMaker": false, "isBestMatch": true}, {"id": 32677590, "price": "0.95220000", "qty": "145.30000000", "quoteQty": "138.35466000", "time": 1693113662419, "isBuyerMaker": false, "isBestMatch": true}, {"id": 32677591, "price": "0.95220000", "qty": "97.90000000", "quoteQty": "93.22038000", "time": 1693113662419, "isBuyerMaker": false, "isBestMatch": true}, {"id": 32677592, "price": "0.95210000", "qty": "482.60000000", "quoteQty": "459.48346000", "time": 1693113664739, "isBuyerMaker": true, "isBestMatch": true}, {"id": 32677593, "price": "0.95210000", "qty": "420.10000000", "quoteQty": "399.97721000", "time": 1693113664739, "isBuyerMaker": true, "isBestMatch": true}, {"id": 32677594, "price": "0.95210000", "qty": "32.30000000", "quoteQty": "30.75283000", "time": 1693113664739, "isBuyerMaker": true, "isBestMatch": true}, {"id": 32677595, "price": "0.95210000", "qty": "1339.50000000", "quoteQty": "1275.33795000", "time": 1693113664739, "isBuyerMaker": true, "isBestMatch": true}, {"id": 32677596, "price": "0.95210000", "qty": "250.00000000", "quoteQty": "238.02500000", "time": 1693113664739, "isBuyerMaker": true, "isBestMatch": true}, {"id": 32677597, "price": "0.95210000", "qty": "746.80000000", "quoteQty": "711.02828000", "time": 1693113664739, "isBuyerMaker": true, "isBestMatch": true}, {"id": 32677598, "price": "0.95220000", "qty": "23.90000000", "quoteQty": "22.75758000", "time": 1693113674480, "isBuyerMaker": true, "isBestMatch": true}, {"id": 32677599, "price": "0.95240000", "qty": "191.10000000", "quoteQty": "182.00364000", "time": 1693113686180, "isBuyerMaker": false, "isBestMatch": true}, {"id": 32677600, "price": "0.95250000", "qty": "95.70000000", "quoteQty": "91.15425000", "time": 1693113686327, "isBuyerMaker": true, "isBestMatch": true}, {"id": 32677601, "price": "0.95260000", "qty": "157.30000000", "quoteQty": "149.84398000", "time": 1693113690362, "isBuyerMaker": false, "isBestMatch": true}, {"id": 32677602, "price": "0.95250000", "qty": "362.70000000", "quoteQty": "345.47175000", "time": 1693113709091, "isBuyerMaker": true, "isBestMatch": true}, {"id": 32677603, "price": "0.95250000", "qty": "174.00000000", "quoteQty": "165.73500000", "time": 1693113709091, "isBuyerMaker": true, "isBestMatch": true}, {"id": 32677604, "price": "0.95250000", "qty": "419.40000000", "quoteQty": "399.47850000", "time": 1693113709091, "isBuyerMaker": true, "isBestMatch": true}, {"id": 32677605, "price": "0.95250000", "qty": "2060.30000000", "quoteQty": "1962.43575000", "time": 1693113709091, "isBuyerMaker": true, "isBestMatch": true}, {"id": 32677606, "price": "0.95250000", "qty": "490.90000000", "quoteQty": "467.58225000", "time": 1693113709091, "isBuyerMaker": true, "isBestMatch": true}, {"id": 32677607, "price": "0.95250000", "qty": "559.70000000", "quoteQty": "533.11425000", "time": 1693113709092, "isBuyerMaker": true, "isBestMatch": true}, {"id": 32677608, "price": "0.95250000", "qty": "1092.70000000", "quoteQty": "1040.79675000", "time": 1693113709094, "isBuyerMaker": true, "isBestMatch": true}, {"id": 32677609, "price": "0.95250000", "qty": "963.10000000", "quoteQty": "917.35275000", "time": 1693113709094, "isBuyerMaker": true, "isBestMatch": true}, {"id": 32677610, "price": "0.95250000", "qty": "321.50000000", "quoteQty": "306.22875000", "time": 1693113709100, "isBuyerMaker": true, "isBestMatch": true}, {"id": 32677611, "price": "0.95250000", "qty": "338.50000000", "quoteQty": "322.42125000", "time": 1693113709103, "isBuyerMaker": true, "isBestMatch": true}, {"id": 32677612, "price": "0.95250000", "qty": "191.10000000", "quoteQty": "182.02275000", "time": 1693113709149, "isBuyerMaker": true, "isBestMatch": true}, {"id": 32677613, "price": "0.95250000", "qty": "157.80000000", "quoteQty": "150.30450000", "time": 1693113710048, "isBuyerMaker": true, "isBestMatch": true}, {"id": 32677614, "price": "0.95250000", "qty": "250.00000000", "quoteQty": "238.12500000", "time": 1693113710048, "isBuyerMaker": true, "isBestMatch": true}, {"id": 32677615, "price": "0.95240000", "qty": "250.00000000", "quoteQty": "238.10000000", "time": 1693113712490, "isBuyerMaker": true, "isBestMatch": true}, {"id": 32677616, "price": "0.95240000", "qty": "24.00000000", "quoteQty": "22.85760000", "time": 1693113719580, "isBuyerMaker": false, "isBestMatch": true}, {"id": 32677617, "price": "0.95240000", "qty": "46.60000000", "quoteQty": "44.38184000", "time": 1693113723111, "isBuyerMaker": false, "isBestMatch": true}, {"id": 32677618, "price": "0.95240000", "qty": "191.10000000", "quoteQty": "182.00364000", "time": 1693113741746, "isBuyerMaker": true, "isBestMatch": true}, {"id": 32677619, "price": "0.95240000", "qty": "15.60000000", "quoteQty": "14.85744000", "time": 1693113741746, "isBuyerMaker": true, "isBestMatch": true}, {"id": 32677620, "price": "0.95240000", "qty": "13.50000000", "quoteQty": "12.85740000", "time": 1693113744241, "isBuyerMaker": true, "isBestMatch": true}, {"id": 32677621, "price": "0.95250000", "qty": "28.00000000", "quoteQty": "26.67000000", "time": 1693113756665, "isBuyerMaker": false, "isBestMatch": true}, {"id": 32677622, "price": "0.95250000", "qty": "389.70000000", "quoteQty": "371.18925000", "time": 1693113756665, "isBuyerMaker": false, "isBestMatch": true}, {"id": 32677623, "price": "0.95270000", "qty": "309.40000000", "quoteQty": "294.76538000", "time": 1693113762616, "isBuyerMaker": false, "isBestMatch": true}, {"id": 32677624, "price": "0.95270000", "qty": "26.30000000", "quoteQty": "25.05601000", "time": 1693113781044, "isBuyerMaker": false, "isBestMatch": true}, {"id": 32677625, "price": "0.95280000", "qty": "136.70000000", "quoteQty": "130.24776000", "time": 1693113797045, "isBuyerMaker": false, "isBestMatch": true}, {"id": 32677626, "price": "0.95280000", "qty": "279.80000000", "quoteQty": "266.59344000", "time": 1693113797045, "isBuyerMaker": false, "isBestMatch": true}, {"id": 32677627, "price": "0.95300000", "qty": "10.40000000", "quoteQty": "9.91120000", "time": 1693113800926, "isBuyerMaker": false, "isBestMatch": true}, {"id": 32677628, "price": "0.95300000", "qty": "1806.00000000", "quoteQty": "1721.11800000", "time": 1693113801852, "isBuyerMaker": false, "isBestMatch": true}, {"id": 32677629, "price": "0.95300000", "qty": "2749.70000000", "quoteQty": "2620.46410000", "time": 1693113801862, "isBuyerMaker": false, "isBestMatch": true}, {"id": 32677630, "price": "0.95300000", "qty": "3200.00000000", "quoteQty": "3049.60000000", "time": 1693113801876, "isBuyerMaker": false, "isBestMatch": true}, {"id": 32677631, "price": "0.95300000", "qty": "1600.00000000", "quoteQty": "1524.80000000", "time": 1693113801876, "isBuyerMaker": false, "isBestMatch": true}, {"id": 32677632, "price": "0.95300000", "qty": "633.90000000", "quoteQty": "604.10670000", "time": 1693113801879, "isBuyerMaker": false, "isBestMatch": true}, {"id": 32677633, "price": "0.95300000", "qty": "54.10000000", "quoteQty": "51.55730000", "time": 1693113801879, "isBuyerMaker": false, "isBestMatch": true}, {"id": 32677634, "price": "0.95310000", "qty": "22.10000000", "quoteQty": "21.06351000", "time": 1693113801882, "isBuyerMaker": false, "isBestMatch": true}, {"id": 32677635, "price": "0.95310000", "qty": "270.40000000", "quoteQty": "257.71824000", "time": 1693113801882, "isBuyerMaker": false, "isBestMatch": true}, {"id": 32677636, "price": "0.95310000", "qty": "800.00000000", "quoteQty": "762.48000000", "time": 1693113801900, "isBuyerMaker": false, "isBestMatch": true}, {"id": 32677637, "price": "0.95320000", "qty": "262.40000000", "quoteQty": "250.11968000", "time": 1693113801989, "isBuyerMaker": false, "isBestMatch": true}, {"id": 32677638, "price": "0.95330000", "qty": "33.00000000", "quoteQty": "31.45890000", "time": 1693113801998, "isBuyerMaker": false, "isBestMatch": true}, {"id": 32677639, "price": "0.95340000", "qty": "302.70000000", "quoteQty": "288.59418000", "time": 1693113801998, "isBuyerMaker": false, "isBestMatch": true}, {"id": 32677640, "price": "0.95320000", "qty": "503.60000000", "quoteQty": "480.03152000", "time": 1693113802014, "isBuyerMaker": false, "isBestMatch": true}, {"id": 32677641, "price": "0.95320000", "qty": "335.70000000", "quoteQty": "319.98924000", "time": 1693113802015, "isBuyerMaker": false, "isBestMatch": true}, {"id": 32677642, "price": "0.95320000", "qty": "335.70000000", "quoteQty": "319.98924000", "time": 1693113802042, "isBuyerMaker": false, "isBestMatch": true}, {"id": 32677643, "price": "0.95320000", "qty": "231.00000000", "quoteQty": "220.18920000", "time": 1693113802320, "isBuyerMaker": false, "isBestMatch": true}, {"id": 32677644, "price": "0.95320000", "qty": "82.90000000", "quoteQty": "79.02028000", "time": 1693113802320, "isBuyerMaker": false, "isBestMatch": true}, {"id": 32677645, "price": "0.95350000", "qty": "16.00000000", "quoteQty": "15.25600000", "time": 1693113803070, "isBuyerMaker": false, "isBestMatch": true}, {"id": 32677646, "price": "0.95350000", "qty": "154.00000000", "quoteQty": "146.83900000", "time": 1693113803070, "isBuyerMaker": false, "isBestMatch": true}, {"id": 32677647, "price": "0.95350000", "qty": "69.30000000", "quoteQty": "66.07755000", "time": 1693113803071, "isBuyerMaker": false, "isBestMatch": true}, {"id": 32677648, "price": "0.95350000", "qty": "170.00000000", "quoteQty": "162.09500000", "time": 1693113803071, "isBuyerMaker": false, "isBestMatch": true}, {"id": 32677649, "price": "0.95350000", "qty": "10.70000000", "quoteQty": "10.20245000", "time": 1693113803075, "isBuyerMaker": false, "isBestMatch": true}, {"id": 32677650, "price": "0.95350000", "qty": "58.60000000", "quoteQty": "55.87510000", "time": 1693113803075, "isBuyerMaker": false, "isBestMatch": true}, {"id": 32677651, "price": "0.95350000", "qty": "170.00000000", "quoteQty": "162.09500000", "time": 1693113803076, "isBuyerMaker": false, "isBestMatch": true}, {"id": 32677652, "price": "0.95350000", "qty": "69.30000000", "quoteQty": "66.07755000", "time": 1693113803087, "isBuyerMaker": false, "isBestMatch": true}, {"id": 32677653, "price": "0.95350000", "qty": "69.30000000", "quoteQty": "66.07755000", "time": 1693113803088, "isBuyerMaker": false, "isBestMatch": true}, {"id": 32677654, "price": "0.95350000", "qty": "69.30000000", "quoteQty": "66.07755000", "time": 1693113803090, "isBuyerMaker": false, "isBestMatch": true}, {"id": 32677655, "price": "0.95350000", "qty": "69.30000000", "quoteQty": "66.07755000", "time": 1693113803102, "isBuyerMaker": false, "isBestMatch": true}, {"id": 32677656, "price": "0.95350000", "qty": "69.30000000", "quoteQty": "66.07755000", "time": 1693113803105, "isBuyerMaker": false, "isBestMatch": true}, {"id": 32677657, "price": "0.95340000", "qty": "31.60000000", "quoteQty": "30.12744000", "time": 1693113803107, "isBuyerMaker": true, "isBestMatch": true}, {"id": 32677658, "price": "0.95350000", "qty": "170.00000000", "quoteQty": "162.09500000", "time": 1693113803107, "isBuyerMaker": false, "isBestMatch": true}, {"id": 32677659, "price": "0.95350000", "qty": "170.00000000", "quoteQty": "162.09500000", "time": 1693113803109, "isBuyerMaker": false, "isBestMatch": true}, {"id": 32677660, "price": "0.95350000", "qty": "69.30000000", "quoteQty": "66.07755000", "time": 1693113803109, "isBuyerMaker": false, "isBestMatch": true}, {"id": 32677661, "price": "0.95350000", "qty": "69.30000000", "quoteQty": "66.07755000", "time": 1693113803109, "isBuyerMaker": false, "isBestMatch": true}, {"id": 32677662, "price": "0.95350000", "qty": "69.30000000", "quoteQty": "66.07755000", "time": 1693113803115, "isBuyerMaker": false, "isBestMatch": true}, {"id": 32677663, "price": "0.95350000", "qty": "69.30000000", "quoteQty": "66.07755000", "time": 1693113803126, "isBuyerMaker": false, "isBestMatch": true}, {"id": 32677664, "price": "0.95350000", "qty": "69.30000000", "quoteQty": "66.07755000", "time": 1693113803141, "isBuyerMaker": false, "isBestMatch": true}, {"id": 32677665, "price": "0.95340000", "qty": "250.00000000", "quoteQty": "238.35000000", "time": 1693113803227, "isBuyerMaker": true, "isBestMatch": true}, {"id": 32677666, "price": "0.95340000", "qty": "1116.40000000", "quoteQty": "1064.37576000", "time": 1693113803227, "isBuyerMaker": true, "isBestMatch": true}, {"id": 32677667, "price": "0.95300000", "qty": "643.80000000", "quoteQty": "613.54140000", "time": 1693113808519, "isBuyerMaker": true, "isBestMatch": true}, {"id": 32677668, "price": "0.95300000", "qty": "11.20000000", "quoteQty": "10.67360000", "time": 1693113808639, "isBuyerMaker": true, "isBestMatch": true}, {"id": 32677669, "price": "0.95290000", "qty": "317.90000000", "quoteQty": "302.92691000", "time": 1693113808757, "isBuyerMaker": true, "isBestMatch": true}, {"id": 32677670, "price": "0.95330000", "qty": "16.20000000", "quoteQty": "15.44346000", "time": 1693113811753, "isBuyerMaker": false, "isBestMatch": true}, {"id": 32677671, "price": "0.95320000", "qty": "386.50000000", "quoteQty": "368.41180000", "time": 1693113828866, "isBuyerMaker": true, "isBestMatch": true}, {"id": 32677672, "price": "0.95320000", "qty": "859.90000000", "quoteQty": "819.65668000", "time": 1693113840219, "isBuyerMaker": true, "isBestMatch": true}, {"id": 32677673, "price": "0.95320000", "qty": "195.10000000", "quoteQty": "185.96932000", "time": 1693113840219, "isBuyerMaker": true, "isBestMatch": true}, {"id": 32677674, "price": "0.95330000", "qty": "52.40000000", "quoteQty": "49.95292000", "time": 1693113842063, "isBuyerMaker": false, "isBestMatch": true}, {"id": 32677675, "price": "0.95340000", "qty": "21.20000000", "quoteQty": "20.21208000", "time": 1693113844539, "isBuyerMaker": false, "isBestMatch": true}, {"id": 32677676, "price": "0.95350000", "qty": "65.50000000", "quoteQty": "62.45425000", "time": 1693113853819, "isBuyerMaker": true, "isBestMatch": true}, {"id": 32677677, "price": "0.95330000", "qty": "183.10000000", "quoteQty": "174.54923000", "time": 1693113857480, "isBuyerMaker": false, "isBestMatch": true}, {"id": 32677678, "price": "0.95330000", "qty": "1204.00000000", "quoteQty": "1147.77320000", "time": 1693113857768, "isBuyerMaker": false, "isBestMatch": true}, {"id": 32677679, "price": "0.95330000", "qty": "250.00000000", "quoteQty": "238.32500000", "time": 1693113857768, "isBuyerMaker": false, "isBestMatch": true}, {"id": 32677680, "price": "0.95340000", "qty": "1204.00000000", "quoteQty": "1147.89360000", "time": 1693113857768, "isBuyerMaker": false, "isBestMatch": true}, {"id": 32677681, "price": "0.95340000", "qty": "1289.70000000", "quoteQty": "1229.59998000", "time": 1693113857768, "isBuyerMaker": false, "isBestMatch": true}, {"id": 32677682, "price": "0.95340000", "qty": "1132.30000000", "quoteQty": "1079.53482000", "time": 1693113857768, "isBuyerMaker": false, "isBestMatch": true}, {"id": 32677683, "price": "0.95350000", "qty": "66.50000000", "quoteQty": "63.40775000", "time": 1693113873448, "isBuyerMaker": true, "isBestMatch": true}, {"id": 32677684, "price": "0.95350000", "qty": "11.10000000", "quoteQty": "10.58385000", "time": 1693113878209, "isBuyerMaker": true, "isBestMatch": true}, {"id": 32677685, "price": "0.95360000", "qty": "39.10000000", "quoteQty": "37.28576000", "time": 1693113890259, "isBuyerMaker": false, "isBestMatch": true}, {"id": 32677686, "price": "0.95360000", "qty": "269.10000000", "quoteQty": "256.61376000", "time": 1693113890259, "isBuyerMaker": false, "isBestMatch": true}, {"id": 32677687, "price": "0.95330000", "qty": "52.40000000", "quoteQty": "49.95292000", "time": 1693113911479, "isBuyerMaker": false, "isBestMatch": true}, {"id": 32677688, "price": "0.95350000", "qty": "406.90000000", "quoteQty": "387.97915000", "time": 1693113928849, "isBuyerMaker": false, "isBestMatch": true}, {"id": 32677689, "price": "0.95350000", "qty": "100.00000000", "quoteQty": "95.35000000", "time": 1693113928849, "isBuyerMaker": false, "isBestMatch": true}, {"id": 32677690, "price": "0.95350000", "qty": "857.10000000", "quoteQty": "817.24485000", "time": 1693113928849, "isBuyerMaker": false, "isBestMatch": true}, {"id": 32677691, "price": "0.95350000", "qty": "285.90000000", "quoteQty": "272.60565000", "time": 1693113948642, "isBuyerMaker": false, "isBestMatch": true}, {"id": 32677692, "price": "0.95350000", "qty": "1137.00000000", "quoteQty": "1084.12950000", "time": 1693113948642, "isBuyerMaker": false, "isBestMatch": true}, {"id": 32677693, "price": "0.95350000", "qty": "248.30000000", "quoteQty": "236.75405000", "time": 1693113948642, "isBuyerMaker": false, "isBestMatch": true}, {"id": 32677694, "price": "0.95350000", "qty": "972.00000000", "quoteQty": "926.80200000", "time": 1693113948642, "isBuyerMaker": false, "isBestMatch": true}, {"id": 32677695, "price": "0.95350000", "qty": "1695.80000000", "quoteQty": "1616.94530000", "time": 1693113948642, "isBuyerMaker": false, "isBestMatch": true}, {"id": 32677696, "price": "0.95320000", "qty": "42.00000000", "quoteQty": "40.03440000", "time": 1693113960033, "isBuyerMaker": false, "isBestMatch": true}, {"id": 32677697, "price": "0.95300000", "qty": "200.00000000", "quoteQty": "190.60000000", "time": 1693113971455, "isBuyerMaker": true, "isBestMatch": true}, {"id": 32677698, "price": "0.95260000", "qty": "6275.00000000", "quoteQty": "5977.56500000", "time": 1693113979595, "isBuyerMaker": true, "isBestMatch": true}, {"id": 32677699, "price": "0.95260000", "qty": "50.00000000", "quoteQty": "47.63000000", "time": 1693113979597, "isBuyerMaker": true, "isBestMatch": true}, {"id": 32677700, "price": "0.95260000", "qty": "1557.70000000", "quoteQty": "1483.86502000", "time": 1693113979603, "isBuyerMaker": true, "isBestMatch": true}, {"id": 32677701, "price": "0.95260000", "qty": "22.10000000", "quoteQty": "21.05246000", "time": 1693113979603, "isBuyerMaker": true, "isBestMatch": true}, {"id": 32677702, "price": "0.95260000", "qty": "1214.50000000", "quoteQty": "1156.93270000", "time": 1693113979603, "isBuyerMaker": true, "isBestMatch": true}, {"id": 32677703, "price": "0.95260000", "qty": "704.60000000", "quoteQty": "671.20196000", "time": 1693113979603, "isBuyerMaker": true, "isBestMatch": true}, {"id": 32677704, "price": "0.95260000", "qty": "180.00000000", "quoteQty": "171.46800000", "time": 1693113979603, "isBuyerMaker": true, "isBestMatch": true}, {"id": 32677705, "price": "0.95250000", "qty": "407.40000000", "quoteQty": "388.04850000", "time": 1693113981851, "isBuyerMaker": false, "isBestMatch": true}, {"id": 32677706, "price": "0.95250000", "qty": "632.10000000", "quoteQty": "602.07525000", "time": 1693113981851, "isBuyerMaker": false, "isBestMatch": true}, {"id": 32677707, "price": "0.95270000", "qty": "250.00000000", "quoteQty": "238.17500000", "time": 1693113987449, "isBuyerMaker": false, "isBestMatch": true}, {"id": 32677708, "price": "0.95250000", "qty": "482.10000000", "quoteQty": "459.20025000", "time": 1693114026578, "isBuyerMaker": false, "isBestMatch": true}, {"id": 32677709, "price": "0.95250000", "qty": "718.00000000", "quoteQty": "683.89500000", "time": 1693114026578, "isBuyerMaker": false, "isBestMatch": true}, {"id": 32677710, "price": "0.95250000", "qty": "692.70000000", "quoteQty": "659.79675000", "time": 1693114026578, "isBuyerMaker": false, "isBestMatch": true}, {"id": 32677711, "price": "0.95250000", "qty": "407.30000000", "quoteQty": "387.95325000", "time": 1693114026578, "isBuyerMaker": false, "isBestMatch": true}, {"id": 32677712, "price": "0.95250000", "qty": "1031.00000000", "quoteQty": "982.02750000", "time": 1693114026578, "isBuyerMaker": false, "isBestMatch": true}, {"id": 32677713, "price": "0.95250000", "qty": "1376.80000000", "quoteQty": "1311.40200000", "time": 1693114026578, "isBuyerMaker": false, "isBestMatch": true}, {"id": 32677714, "price": "0.95250000", "qty": "1185.80000000", "quoteQty": "1129.47450000", "time": 1693114026578, "isBuyerMaker": false, "isBestMatch": true}, {"id": 32677715, "price": "0.95250000", "qty": "1188.00000000", "quoteQty": "1131.57000000", "time": 1693114026578, "isBuyerMaker": false, "isBestMatch": true}, {"id": 32677716, "price": "0.95260000", "qty": "482.10000000", "quoteQty": "459.24846000", "time": 1693114026578, "isBuyerMaker": false, "isBestMatch": true}, {"id": 32677717, "price": "0.95260000", "qty": "406.60000000", "quoteQty": "387.32716000", "time": 1693114026578, "isBuyerMaker": false, "isBestMatch": true}, {"id": 32677718, "price": "0.95260000", "qty": "1031.00000000", "quoteQty": "982.13060000", "time": 1693114026578, "isBuyerMaker": false, "isBestMatch": true}, {"id": 32677719, "price": "0.95260000", "qty": "1220.10000000", "quoteQty": "1162.26726000", "time": 1693114026578, "isBuyerMaker": false, "isBestMatch": true}, {"id": 32677720, "price": "0.95260000", "qty": "1600.00000000", "quoteQty": "1524.16000000", "time": 1693114026578, "isBuyerMaker": false, "isBestMatch": true}, {"id": 32677721, "price": "0.95260000", "qty": "2400.00000000", "quoteQty": "2286.24000000", "time": 1693114026578, "isBuyerMaker": false, "isBestMatch": true}, {"id": 32677722, "price": "0.95270000", "qty": "482.10000000", "quoteQty": "459.29667000", "time": 1693114026578, "isBuyerMaker": false, "isBestMatch": true}, {"id": 32677723, "price": "0.95270000", "qty": "406.60000000", "quoteQty": "387.36782000", "time": 1693114026578, "isBuyerMaker": false, "isBestMatch": true}, {"id": 32677724, "price": "0.95270000", "qty": "514.80000000", "quoteQty": "490.44996000", "time": 1693114026578, "isBuyerMaker": false, "isBestMatch": true}, {"id": 32677725, "price": "0.95260000", "qty": "150.20000000", "quoteQty": "143.08052000", "time": 1693114064611, "isBuyerMaker": false, "isBestMatch": true}, {"id": 32677726, "price": "0.95260000", "qty": "250.00000000", "quoteQty": "238.15000000", "time": 1693114065487, "isBuyerMaker": false, "isBestMatch": true}, {"id": 32677727, "price": "0.95260000", "qty": "351.80000000", "quoteQty": "335.12468000", "time": 1693114117477, "isBuyerMaker": true, "isBestMatch": true}, {"id": 32677728, "price": "0.95270000", "qty": "12.00000000", "quoteQty": "11.43240000", "time": 1693114130869, "isBuyerMaker": false, "isBestMatch": true}, {"id": 32677729, "price": "0.95270000", "qty": "102.70000000", "quoteQty": "97.84229000", "time": 1693114130869, "isBuyerMaker": false, "isBestMatch": true}, {"id": 32677730, "price": "0.95270000", "qty": "250.00000000", "quoteQty": "238.17500000", "time": 1693114142257, "isBuyerMaker": true, "isBestMatch": true}, {"id": 32677731, "price": "0.95270000", "qty": "15.60000000", "quoteQty": "14.86212000", "time": 1693114147889, "isBuyerMaker": false, "isBestMatch": true}, {"id": 32677732, "price": "0.95270000", "qty": "38.20000000", "quoteQty": "36.39314000", "time": 1693114153154, "isBuyerMaker": false, "isBestMatch": true}, {"id": 32677733, "price": "0.95270000", "qty": "54.60000000", "quoteQty": "52.01742000", "time": 1693114154150, "isBuyerMaker": false, "isBestMatch": true}, {"id": 32677734, "price": "0.95260000", "qty": "105.40000000", "quoteQty": "100.40404000", "time": 1693114166248, "isBuyerMaker": true, "isBestMatch": true}, {"id": 32677735, "price": "0.95270000", "qty": "20.90000000", "quoteQty": "19.91143000", "time": 1693114178453, "isBuyerMaker": false, "isBestMatch": true}, {"id": 32677736, "price": "0.95270000", "qty": "216.20000000", "quoteQty": "205.97374000", "time": 1693114199140, "isBuyerMaker": false, "isBestMatch": true}, {"id": 32677737, "price": "0.95270000", "qty": "103.00000000", "quoteQty": "98.12810000", "time": 1693114214892, "isBuyerMaker": false, "isBestMatch": true}, {"id": 32677738, "price": "0.95270000", "qty": "250.00000000", "quoteQty": "238.17500000", "time": 1693114215046, "isBuyerMaker": false, "isBestMatch": true}, {"id": 32677739, "price": "0.95270000", "qty": "367.60000000", "quoteQty": "350.21252000", "time": 1693114215056, "isBuyerMaker": false, "isBestMatch": true}, {"id": 32677740, "price": "0.95270000", "qty": "434.70000000", "quoteQty": "414.13869000", "time": 1693114215056, "isBuyerMaker": false, "isBestMatch": true}, {"id": 32677741, "price": "0.95270000", "qty": "21.10000000", "quoteQty": "20.10197000", "time": 1693114215056, "isBuyerMaker": false, "isBestMatch": true}, {"id": 32677742, "price": "0.95270000", "qty": "187.90000000", "quoteQty": "179.01233000", "time": 1693114215056, "isBuyerMaker": false, "isBestMatch": true}, {"id": 32677743, "price": "0.95270000", "qty": "2747.30000000", "quoteQty": "2617.35271000", "time": 1693114215056, "isBuyerMaker": false, "isBestMatch": true}, {"id": 32677744, "price": "0.95300000", "qty": "214.00000000", "quoteQty": "203.94200000", "time": 1693114215922, "isBuyerMaker": false, "isBestMatch": true}, {"id": 32677745, "price": "0.95310000", "qty": "95.50000000", "quoteQty": "91.02105000", "time": 1693114216872, "isBuyerMaker": true, "isBestMatch": true}, {"id": 32677746, "price": "0.95320000", "qty": "3621.40000000", "quoteQty": "3451.91848000", "time": 1693114223982, "isBuyerMaker": false, "isBestMatch": true}, {"id": 32677747, "price": "0.95320000", "qty": "3064.00000000", "quoteQty": "2920.60480000", "time": 1693114223983, "isBuyerMaker": false, "isBestMatch": true}, {"id": 32677748, "price": "0.95320000", "qty": "416.20000000", "quoteQty": "396.72184000", "time": 1693114223983, "isBuyerMaker": false, "isBestMatch": true}, {"id": 32677749, "price": "0.95320000", "qty": "764.50000000", "quoteQty": "728.72140000", "time": 1693114223983, "isBuyerMaker": false, "isBestMatch": true}, {"id": 32677750, "price": "0.95330000", "qty": "220.90000000", "quoteQty": "210.58397000", "time": 1693114224042, "isBuyerMaker": false, "isBestMatch": true}, {"id": 32677751, "price": "0.95330000", "qty": "220.90000000", "quoteQty": "210.58397000", "time": 1693114224042, "isBuyerMaker": false, "isBestMatch": true}, {"id": 32677752, "price": "0.95330000", "qty": "220.90000000", "quoteQty": "210.58397000", "time": 1693114224042, "isBuyerMaker": false, "isBestMatch": true}, {"id": 32677753, "price": "0.95330000", "qty": "220.90000000", "quoteQty": "210.58397000", "time": 1693114224042, "isBuyerMaker": false, "isBestMatch": true}, {"id": 32677754, "price": "0.95330000", "qty": "220.90000000", "quoteQty": "210.58397000", "time": 1693114224042, "isBuyerMaker": false, "isBestMatch": true}, {"id": 32677755, "price": "0.95330000", "qty": "220.90000000", "quoteQty": "210.58397000", "time": 1693114224042, "isBuyerMaker": false, "isBestMatch": true}, {"id": 32677756, "price": "0.95330000", "qty": "41.00000000", "quoteQty": "39.08530000", "time": 1693114224042, "isBuyerMaker": false, "isBestMatch": true}, {"id": 32677757, "price": "0.95330000", "qty": "179.90000000", "quoteQty": "171.49867000", "time": 1693114224091, "isBuyerMaker": false, "isBestMatch": true}, {"id": 32677758, "price": "0.95330000", "qty": "220.90000000", "quoteQty": "210.58397000", "time": 1693114224091, "isBuyerMaker": false, "isBestMatch": true}, {"id": 32677759, "price": "0.95330000", "qty": "220.90000000", "quoteQty": "210.58397000", "time": 1693114224091, "isBuyerMaker": false, "isBestMatch": true}, {"id": 32677760, "price": "0.95330000", "qty": "220.00000000", "quoteQty": "209.72600000", "time": 1693114224091, "isBuyerMaker": false, "isBestMatch": true}, {"id": 32677761, "price": "0.95340000", "qty": "250.00000000", "quoteQty": "238.35000000", "time": 1693114224091, "isBuyerMaker": false, "isBestMatch": true}, {"id": 32677762, "price": "0.95350000", "qty": "1073.50000000", "quoteQty": "1023.58225000", "time": 1693114224091, "isBuyerMaker": false, "isBestMatch": true}, {"id": 32677763, "price": "0.95350000", "qty": "553.80000000", "quoteQty": "528.04830000", "time": 1693114224130, "isBuyerMaker": false, "isBestMatch": true}, {"id": 32677764, "price": "0.95350000", "qty": "248.30000000", "quoteQty": "236.75405000", "time": 1693114224130, "isBuyerMaker": false, "isBestMatch": true}, {"id": 32677765, "price": "0.95350000", "qty": "31.40000000", "quoteQty": "29.93990000", "time": 1693114224140, "isBuyerMaker": false, "isBestMatch": true}, {"id": 32677766, "price": "0.95340000", "qty": "153.30000000", "quoteQty": "146.15622000", "time": 1693114224157, "isBuyerMaker": true, "isBestMatch": true}, {"id": 32677767, "price": "0.95340000", "qty": "27.00000000", "quoteQty": "25.74180000", "time": 1693114224308, "isBuyerMaker": true, "isBestMatch": true}, {"id": 32677768, "price": "0.95350000", "qty": "22.10000000", "quoteQty": "21.07235000", "time": 1693114226469, "isBuyerMaker": false, "isBestMatch": true}, {"id": 32677769, "price": "0.95350000", "qty": "227.90000000", "quoteQty": "217.30265000", "time": 1693114226469, "isBuyerMaker": false, "isBestMatch": true}, {"id": 32677770, "price": "0.95350000", "qty": "12.20000000", "quoteQty": "11.63270000", "time": 1693114230460, "isBuyerMaker": true, "isBestMatch": true}, {"id": 32677771, "price": "0.95360000", "qty": "250.00000000", "quoteQty": "238.40000000", "time": 1693114232285, "isBuyerMaker": false, "isBestMatch": true}, {"id": 32677772, "price": "0.95360000", "qty": "68.70000000", "quoteQty": "65.51232000", "time": 1693114232285, "isBuyerMaker": false, "isBestMatch": true}, {"id": 32677773, "price": "0.95360000", "qty": "152.10000000", "quoteQty": "145.04256000", "time": 1693114233537, "isBuyerMaker": false, "isBestMatch": true}, {"id": 32677774, "price": "0.95360000", "qty": "249.00000000", "quoteQty": "237.44640000", "time": 1693114233537, "isBuyerMaker": false, "isBestMatch": true}, {"id": 32677775, "price": "0.95360000", "qty": "220.80000000", "quoteQty": "210.55488000", "time": 1693114233537, "isBuyerMaker": false, "isBestMatch": true}, {"id": 32677776, "price": "0.95360000", "qty": "178.10000000", "quoteQty": "169.83616000", "time": 1693114233537, "isBuyerMaker": false, "isBestMatch": true}, {"id": 32677777, "price": "0.95360000", "qty": "42.70000000", "quoteQty": "40.71872000", "time": 1693114233537, "isBuyerMaker": false, "isBestMatch": true}, {"id": 32677778, "price": "0.95360000", "qty": "220.80000000", "quoteQty": "210.55488000", "time": 1693114233537, "isBuyerMaker": false, "isBestMatch": true}, {"id": 32677779, "price": "0.95360000", "qty": "220.80000000", "quoteQty": "210.55488000", "time": 1693114233537, "isBuyerMaker": false, "isBestMatch": true}, {"id": 32677780, "price": "0.95360000", "qty": "220.80000000", "quoteQty": "210.55488000", "time": 1693114233537, "isBuyerMaker": false, "isBestMatch": true}, {"id": 32677781, "price": "0.95360000", "qty": "220.80000000", "quoteQty": "210.55488000", "time": 1693114233537, "isBuyerMaker": false, "isBestMatch": true}, {"id": 32677782, "price": "0.95360000", "qty": "220.80000000", "quoteQty": "210.55488000", "time": 1693114233537, "isBuyerMaker": false, "isBestMatch": true}, {"id": 32677783, "price": "0.95360000", "qty": "220.80000000", "quoteQty": "210.55488000", "time": 1693114233537, "isBuyerMaker": false, "isBestMatch": true}, {"id": 32677784, "price": "0.95360000", "qty": "220.20000000", "quoteQty": "209.98272000", "time": 1693114233537, "isBuyerMaker": false, "isBestMatch": true}, {"id": 32677785, "price": "0.95370000", "qty": "812.30000000", "quoteQty": "774.69051000", "time": 1693114233537, "isBuyerMaker": false, "isBestMatch": true}, {"id": 32677786, "price": "0.95370000", "qty": "22.10000000", "quoteQty": "21.07677000", "time": 1693114233539, "isBuyerMaker": false, "isBestMatch": true}, {"id": 32677787, "price": "0.95390000", "qty": "12.70000000", "quoteQty": "12.11453000", "time": 1693114233544, "isBuyerMaker": false, "isBestMatch": true}, {"id": 32677788, "price": "0.95390000", "qty": "1564.60000000", "quoteQty": "1492.47194000", "time": 1693114233544, "isBuyerMaker": false, "isBestMatch": true}, {"id": 32677789, "price": "0.95390000", "qty": "1507.90000000", "quoteQty": "1438.38581000", "time": 1693114233544, "isBuyerMaker": false, "isBestMatch": true}, {"id": 32677790, "price": "0.95390000", "qty": "4810.20000000", "quoteQty": "4588.44978000", "time": 1693114233545, "isBuyerMaker": false, "isBestMatch": true}, {"id": 32677791, "price": "0.95390000", "qty": "24.00000000", "quoteQty": "22.89360000", "time": 1693114233545, "isBuyerMaker": false, "isBestMatch": true}, {"id": 32677792, "price": "0.95390000", "qty": "14.20000000", "quoteQty": "13.54538000", "time": 1693114233556, "isBuyerMaker": true, "isBestMatch": true}, {"id": 32677793, "price": "0.95400000", "qty": "13.10000000", "quoteQty": "12.49740000", "time": 1693114233825, "isBuyerMaker": false, "isBestMatch": true}, {"id": 32677794, "price": "0.95400000", "qty": "209.90000000", "quoteQty": "200.24460000", "time": 1693114233825, "isBuyerMaker": false, "isBestMatch": true}, {"id": 32677795, "price": "0.95400000", "qty": "312.20000000", "quoteQty": "297.83880000", "time": 1693114233837, "isBuyerMaker": false, "isBestMatch": true}, {"id": 32677796, "price": "0.95400000", "qty": "268.10000000", "quoteQty": "255.76740000", "time": 1693114233845, "isBuyerMaker": false, "isBestMatch": true}, {"id": 32677797, "price": "0.95400000", "qty": "329.80000000", "quoteQty": "314.62920000", "time": 1693114233872, "isBuyerMaker": false, "isBestMatch": true}, {"id": 32677798, "price": "0.95400000", "qty": "250.00000000", "quoteQty": "238.50000000", "time": 1693114234251, "isBuyerMaker": false, "isBestMatch": true}, {"id": 32677799, "price": "0.95400000", "qty": "3200.00000000", "quoteQty": "3052.80000000", "time": 1693114235038, "isBuyerMaker": false, "isBestMatch": true}, {"id": 32677800, "price": "0.95400000", "qty": "1600.00000000", "quoteQty": "1526.40000000", "time": 1693114235038, "isBuyerMaker": false, "isBestMatch": true}, {"id": 32677801, "price": "0.95400000", "qty": "3830.00000000", "quoteQty": "3653.82000000", "time": 1693114235040, "isBuyerMaker": false, "isBestMatch": true}, {"id": 32677802, "price": "0.95400000", "qty": "389.90000000", "quoteQty": "371.96460000", "time": 1693114235040, "isBuyerMaker": false, "isBestMatch": true}, {"id": 32677803, "price": "0.95400000", "qty": "28.50000000", "quoteQty": "27.18900000", "time": 1693114235040, "isBuyerMaker": false, "isBestMatch": true}, {"id": 32677804, "price": "0.95400000", "qty": "324.50000000", "quoteQty": "309.57300000", "time": 1693114235040, "isBuyerMaker": false, "isBestMatch": true}, {"id": 32677805, "price": "0.95400000", "qty": "22.10000000", "quoteQty": "21.08340000", "time": 1693114235040, "isBuyerMaker": false, "isBestMatch": true}, {"id": 32677806, "price": "0.95420000", "qty": "12.80000000", "quoteQty": "12.21376000", "time": 1693114235133, "isBuyerMaker": false, "isBestMatch": true}, {"id": 32677807, "price": "0.95420000", "qty": "24.00000000", "quoteQty": "22.90080000", "time": 1693114235133, "isBuyerMaker": false, "isBestMatch": true}, {"id": 32677808, "price": "0.95420000", "qty": "281.30000000", "quoteQty": "268.41646000", "time": 1693114235133, "isBuyerMaker": false, "isBestMatch": true}, {"id": 32677809, "price": "0.95410000", "qty": "400.00000000", "quoteQty": "381.64000000", "time": 1693114236714, "isBuyerMaker": true, "isBestMatch": true}, {"id": 32677810, "price": "0.95380000", "qty": "407.20000000", "quoteQty": "388.38736000", "time": 1693114237836, "isBuyerMaker": true, "isBestMatch": true}, {"id": 32677811, "price": "0.95380000", "qty": "239.40000000", "quoteQty": "228.33972000", "time": 1693114237836, "isBuyerMaker": true, "isBestMatch": true}, {"id": 32677812, "price": "0.95380000", "qty": "15.30000000", "quoteQty": "14.59314000", "time": 1693114238477, "isBuyerMaker": true, "isBestMatch": true}, {"id": 32677813, "price": "0.95380000", "qty": "295.50000000", "quoteQty": "281.84790000", "time": 1693114241923, "isBuyerMaker": true, "isBestMatch": true}, {"id": 32677814, "price": "0.95380000", "qty": "669.30000000", "quoteQty": "638.37834000", "time": 1693114241923, "isBuyerMaker": true, "isBestMatch": true}, {"id": 32677815, "price": "0.95380000", "qty": "1600.00000000", "quoteQty": "1526.08000000", "time": 1693114241923, "isBuyerMaker": true, "isBestMatch": true}, {"id": 32677816, "price": "0.95380000", "qty": "3200.00000000", "quoteQty": "3052.16000000", "time": 1693114241923, "isBuyerMaker": true, "isBestMatch": true}, {"id": 32677817, "price": "0.95380000", "qty": "1003.20000000", "quoteQty": "956.85216000", "time": 1693114241923, "isBuyerMaker": true, "isBestMatch": true}, {"id": 32677818, "price": "0.95380000", "qty": "199.20000000", "quoteQty": "189.99696000", "time": 1693114241923, "isBuyerMaker": true, "isBestMatch": true}, {"id": 32677819, "price": "0.95380000", "qty": "708.40000000", "quoteQty": "675.67192000", "time": 1693114241926, "isBuyerMaker": true, "isBestMatch": true}, {"id": 32677820, "price": "0.95370000", "qty": "314.50000000", "quoteQty": "299.93865000", "time": 1693114242231, "isBuyerMaker": false, "isBestMatch": true}, {"id": 32677821, "price": "0.95360000", "qty": "250.00000000", "quoteQty": "238.40000000", "time": 1693114242367, "isBuyerMaker": true, "isBestMatch": true}, {"id": 32677822, "price": "0.95350000", "qty": "26.70000000", "quoteQty": "25.45845000", "time": 1693114247526, "isBuyerMaker": true, "isBestMatch": true}, {"id": 32677823, "price": "0.95340000", "qty": "800.00000000", "quoteQty": "762.72000000", "time": 1693114247601, "isBuyerMaker": true, "isBestMatch": true}, {"id": 32677824, "price": "0.95340000", "qty": "15.70000000", "quoteQty": "14.96838000", "time": 1693114266225, "isBuyerMaker": false, "isBestMatch": true}, {"id": 32677825, "price": "0.95340000", "qty": "498.20000000", "quoteQty": "474.98388000", "time": 1693114266453, "isBuyerMaker": false, "isBestMatch": true}, {"id": 32677826, "price": "0.95330000", "qty": "829.40000000", "quoteQty": "790.66702000", "time": 1693114281834, "isBuyerMaker": true, "isBestMatch": true}, {"id": 32677827, "price": "0.95330000", "qty": "576.90000000", "quoteQty": "549.95877000", "time": 1693114281837, "isBuyerMaker": true, "isBestMatch": true}, {"id": 32677828, "price": "0.95330000", "qty": "1111.00000000", "quoteQty": "1059.11630000", "time": 1693114281838, "isBuyerMaker": true, "isBestMatch": true}, {"id": 32677829, "price": "0.95330000", "qty": "1125.20000000", "quoteQty": "1072.65316000", "time": 1693114281838, "isBuyerMaker": true, "isBestMatch": true}, {"id": 32677830, "price": "0.95330000", "qty": "291.90000000", "quoteQty": "278.26827000", "time": 1693114281842, "isBuyerMaker": true, "isBestMatch": true}, {"id": 32677831, "price": "0.95330000", "qty": "191.10000000", "quoteQty": "182.17563000", "time": 1693114281844, "isBuyerMaker": true, "isBestMatch": true}, {"id": 32677832, "price": "0.95330000", "qty": "1215.20000000", "quoteQty": "1158.45016000", "time": 1693114281945, "isBuyerMaker": true, "isBestMatch": true}, {"id": 32677833, "price": "0.95310000", "qty": "250.00000000", "quoteQty": "238.27500000", "time": 1693114282188, "isBuyerMaker": true, "isBestMatch": true}, {"id": 32677834, "price": "0.95290000", "qty": "250.00000000", "quoteQty": "238.22500000", "time": 1693114282828, "isBuyerMaker": true, "isBestMatch": true}, {"id": 32677835, "price": "0.95280000", "qty": "85.00000000", "quoteQty": "80.98800000", "time": 1693114287908, "isBuyerMaker": false, "isBestMatch": true}, {"id": 32677836, "price": "0.95300000", "qty": "1134.00000000", "quoteQty": "1080.70200000", "time": 1693114287934, "isBuyerMaker": false, "isBestMatch": true}, {"id": 32677837, "price": "0.95310000", "qty": "7.70000000", "quoteQty": "7.33887000", "time": 1693114287934, "isBuyerMaker": false, "isBestMatch": true}, {"id": 32677838, "price": "0.95310000", "qty": "399.50000000", "quoteQty": "380.76345000", "time": 1693114287934, "isBuyerMaker": false, "isBestMatch": true}, {"id": 32677839, "price": "0.95310000", "qty": "532.30000000", "quoteQty": "507.33513000", "time": 1693114287934, "isBuyerMaker": false, "isBestMatch": true}, {"id": 32677840, "price": "0.95310000", "qty": "69.20000000", "quoteQty": "65.95452000", "time": 1693114287935, "isBuyerMaker": false, "isBestMatch": true}, {"id": 32677841, "price": "0.95310000", "qty": "1134.00000000", "quoteQty": "1080.81540000", "time": 1693114287935, "isBuyerMaker": false, "isBestMatch": true}, {"id": 32677842, "price": "0.95310000", "qty": "148.40000000", "quoteQty": "141.44004000", "time": 1693114287935, "isBuyerMaker": false, "isBestMatch": true}, {"id": 32677843, "price": "0.95310000", "qty": "469.40000000", "quoteQty": "447.38514000", "time": 1693114287935, "isBuyerMaker": false, "isBestMatch": true}, {"id": 32677844, "price": "0.95320000", "qty": "462.40000000", "quoteQty": "440.75968000", "time": 1693114287935, "isBuyerMaker": false, "isBestMatch": true}, {"id": 32677845, "price": "0.95320000", "qty": "671.60000000", "quoteQty": "640.16912000", "time": 1693114287936, "isBuyerMaker": false, "isBestMatch": true}, {"id": 32677846, "price": "0.95320000", "qty": "260.20000000", "quoteQty": "248.02264000", "time": 1693114287936, "isBuyerMaker": false, "isBestMatch": true}, {"id": 32677847, "price": "0.95320000", "qty": "146.40000000", "quoteQty": "139.54848000", "time": 1693114287938, "isBuyerMaker": false, "isBestMatch": true}, {"id": 32677848, "price": "0.95320000", "qty": "250.00000000", "quoteQty": "238.30000000", "time": 1693114287938, "isBuyerMaker": false, "isBestMatch": true}, {"id": 32677849, "price": "0.95320000", "qty": "325.60000000", "quoteQty": "310.36192000", "time": 1693114287938, "isBuyerMaker": false, "isBestMatch": true}, {"id": 32677850, "price": "0.95310000", "qty": "1200.00000000", "quoteQty": "1143.72000000", "time": 1693114298418, "isBuyerMaker": false, "isBestMatch": true}, {"id": 32677851, "price": "0.95320000", "qty": "250.00000000", "quoteQty": "238.30000000", "time": 1693114298418, "isBuyerMaker": false, "isBestMatch": true}, {"id": 32677852, "price": "0.95320000", "qty": "1134.00000000", "quoteQty": "1080.92880000", "time": 1693114298418, "isBuyerMaker": false, "isBestMatch": true}, {"id": 32677853, "price": "0.95330000", "qty": "407.00000000", "quoteQty": "387.99310000", "time": 1693114298418, "isBuyerMaker": false, "isBestMatch": true}, {"id": 32677854, "price": "0.95330000", "qty": "323.50000000", "quoteQty": "308.39255000", "time": 1693114298418, "isBuyerMaker": false, "isBestMatch": true}, {"id": 32677855, "price": "0.95330000", "qty": "810.50000000", "quoteQty": "772.64965000", "time": 1693114298419, "isBuyerMaker": false, "isBestMatch": true}, {"id": 32677856, "price": "0.95330000", "qty": "250.00000000", "quoteQty": "238.32500000", "time": 1693114298419, "isBuyerMaker": false, "isBestMatch": true}, {"id": 32677857, "price": "0.95330000", "qty": "1907.70000000", "quoteQty": "1818.61041000", "time": 1693114298419, "isBuyerMaker": false, "isBestMatch": true}, {"id": 32677858, "price": "0.95330000", "qty": "993.90000000", "quoteQty": "947.48487000", "time": 1693114298419, "isBuyerMaker": false, "isBestMatch": true}, {"id": 32677859, "price": "0.95330000", "qty": "225.70000000", "quoteQty": "215.15981000", "time": 1693114298419, "isBuyerMaker": false, "isBestMatch": true}, {"id": 32677860, "price": "0.95340000", "qty": "407.20000000", "quoteQty": "388.22448000", "time": 1693114298419, "isBuyerMaker": false, "isBestMatch": true}, {"id": 32677861, "price": "0.95340000", "qty": "1134.00000000", "quoteQty": "1081.15560000", "time": 1693114298419, "isBuyerMaker": false, "isBestMatch": true}, {"id": 32677862, "price": "0.95340000", "qty": "172.40000000", "quoteQty": "164.36616000", "time": 1693114298419, "isBuyerMaker": false, "isBestMatch": true}, {"id": 32677863, "price": "0.95340000", "qty": "698.80000000", "quoteQty": "666.23592000", "time": 1693114298419, "isBuyerMaker": false, "isBestMatch": true}, {"id": 32677864, "price": "0.95340000", "qty": "348.40000000", "quoteQty": "332.16456000", "time": 1693114298419, "isBuyerMaker": false, "isBestMatch": true}, {"id": 32677865, "price": "0.95350000", "qty": "407.40000000", "quoteQty": "388.45590000", "time": 1693114298419, "isBuyerMaker": false, "isBestMatch": true}, {"id": 32677866, "price": "0.95350000", "qty": "250.00000000", "quoteQty": "238.37500000", "time": 1693114298419, "isBuyerMaker": false, "isBestMatch": true}, {"id": 32677867, "price": "0.95350000", "qty": "49.60000000", "quoteQty": "47.29360000", "time": 1693114298419, "isBuyerMaker": false, "isBestMatch": true}, {"id": 32677868, "price": "0.95350000", "qty": "400.00000000", "quoteQty": "381.40000000", "time": 1693114298419, "isBuyerMaker": false, "isBestMatch": true}, {"id": 32677869, "price": "0.95350000", "qty": "684.40000000", "quoteQty": "652.57540000", "time": 1693114298419, "isBuyerMaker": false, "isBestMatch": true}, {"id": 32677870, "price": "0.95350000", "qty": "115.60000000", "quoteQty": "110.22460000", "time": 1693114298419, "isBuyerMaker": false, "isBestMatch": true}, {"id": 32677871, "price": "0.95350000", "qty": "524.70000000", "quoteQty": "500.30145000", "time": 1693114298420, "isBuyerMaker": false, "isBestMatch": true}, {"id": 32677872, "price": "0.95360000", "qty": "366.90000000", "quoteQty": "349.87584000", "time": 1693114298420, "isBuyerMaker": false, "isBestMatch": true}, {"id": 32677873, "price": "0.95370000", "qty": "700.20000000", "quoteQty": "667.78074000", "time": 1693114298422, "isBuyerMaker": false, "isBestMatch": true}, {"id": 32677874, "price": "0.95370000", "qty": "179.30000000", "quoteQty": "170.99841000", "time": 1693114298422, "isBuyerMaker": false, "isBestMatch": true}, {"id": 32677875, "price": "0.95370000", "qty": "22.10000000", "quoteQty": "21.07677000", "time": 1693114298422, "isBuyerMaker": false, "isBestMatch": true}, {"id": 32677876, "price": "0.95370000", "qty": "730.10000000", "quoteQty": "696.29637000", "time": 1693114298422, "isBuyerMaker": false, "isBestMatch": true}, {"id": 32677877, "price": "0.95370000", "qty": "869.90000000", "quoteQty": "829.62363000", "time": 1693114298422, "isBuyerMaker": false, "isBestMatch": true}, {"id": 32677878, "price": "0.95370000", "qty": "224.30000000", "quoteQty": "213.91491000", "time": 1693114298422, "isBuyerMaker": false, "isBestMatch": true}, {"id": 32677879, "price": "0.95370000", "qty": "772.50000000", "quoteQty": "736.73325000", "time": 1693114298422, "isBuyerMaker": false, "isBestMatch": true}, {"id": 32677880, "price": "0.95380000", "qty": "321.70000000", "quoteQty": "306.83746000", "time": 1693114298422, "isBuyerMaker": false, "isBestMatch": true}, {"id": 32677881, "price": "0.95370000", "qty": "12.70000000", "quoteQty": "12.11199000", "time": 1693114298423, "isBuyerMaker": false, "isBestMatch": true}, {"id": 32677882, "price": "0.95370000", "qty": "12.70000000", "quoteQty": "12.11199000", "time": 1693114298423, "isBuyerMaker": false, "isBestMatch": true}, {"id": 32677883, "price": "0.95380000", "qty": "872.30000000", "quoteQty": "831.99974000", "time": 1693114298423, "isBuyerMaker": false, "isBestMatch": true}, {"id": 32677884, "price": "0.95380000", "qty": "59.20000000", "quoteQty": "56.46496000", "time": 1693114298423, "isBuyerMaker": false, "isBestMatch": true}, {"id": 32677885, "price": "0.95380000", "qty": "254.10000000", "quoteQty": "242.36058000", "time": 1693114298423, "isBuyerMaker": false, "isBestMatch": true}, {"id": 32677886, "price": "0.95380000", "qty": "677.40000000", "quoteQty": "646.10412000", "time": 1693114298423, "isBuyerMaker": false, "isBestMatch": true}, {"id": 32677887, "price": "0.95380000", "qty": "371.80000000", "quoteQty": "354.62284000", "time": 1693114298424, "isBuyerMaker": false, "isBestMatch": true}, {"id": 32677888, "price": "0.95380000", "qty": "559.70000000", "quoteQty": "533.84186000", "time": 1693114298424, "isBuyerMaker": false, "isBestMatch": true}, {"id": 32677889, "price": "0.95380000", "qty": "700.20000000", "quoteQty": "667.85076000", "time": 1693114298424, "isBuyerMaker": false, "isBestMatch": true}, {"id": 32677890, "price": "0.95380000", "qty": "700.20000000", "quoteQty": "667.85076000", "time": 1693114298424, "isBuyerMaker": false, "isBestMatch": true}, {"id": 32677891, "price": "0.95380000", "qty": "138.20000000", "quoteQty": "131.81516000", "time": 1693114298425, "isBuyerMaker": false, "isBestMatch": true}, {"id": 32677892, "price": "0.95380000", "qty": "562.00000000", "quoteQty": "536.03560000", "time": 1693114298425, "isBuyerMaker": false, "isBestMatch": true}, {"id": 32677893, "price": "0.95380000", "qty": "700.20000000", "quoteQty": "667.85076000", "time": 1693114298425, "isBuyerMaker": false, "isBestMatch": true}, {"id": 32677894, "price": "0.95380000", "qty": "240.50000000", "quoteQty": "229.38890000", "time": 1693114298425, "isBuyerMaker": false, "isBestMatch": true}, {"id": 32677895, "price": "0.95380000", "qty": "459.70000000", "quoteQty": "438.46186000", "time": 1693114298425, "isBuyerMaker": false, "isBestMatch": true}, {"id": 32677896, "price": "0.95380000", "qty": "872.50000000", "quoteQty": "832.19050000", "time": 1693114298426, "isBuyerMaker": false, "isBestMatch": true}, {"id": 32677897, "price": "0.95390000", "qty": "59.00000000", "quoteQty": "56.28010000", "time": 1693114298426, "isBuyerMaker": false, "isBestMatch": true}, {"id": 32677898, "price": "0.95390000", "qty": "700.20000000", "quoteQty": "667.92078000", "time": 1693114298427, "isBuyerMaker": false, "isBestMatch": true}, {"id": 32677899, "price": "0.95380000", "qty": "406.80000000", "quoteQty": "388.00584000", "time": 1693114298443, "isBuyerMaker": false, "isBestMatch": true}, {"id": 32677900, "price": "0.95390000", "qty": "156.90000000", "quoteQty": "149.66691000", "time": 1693114298443, "isBuyerMaker": false, "isBestMatch": true}, {"id": 32677901, "price": "0.95390000", "qty": "136.50000000", "quoteQty": "130.20735000", "time": 1693114298443, "isBuyerMaker": false, "isBestMatch": true}, {"id": 32677902, "price": "0.95380000", "qty": "753.90000000", "quoteQty": "719.06982000", "time": 1693114298481, "isBuyerMaker": false, "isBestMatch": true}, {"id": 32677903, "price": "0.95380000", "qty": "295.40000000", "quoteQty": "281.75252000", "time": 1693114298485, "isBuyerMaker": false, "isBestMatch": true}, {"id": 32677904, "price": "0.95390000", "qty": "270.80000000", "quoteQty": "258.31612000", "time": 1693114298485, "isBuyerMaker": false, "isBestMatch": true}, {"id": 32677905, "price": "0.95390000", "qty": "304.00000000", "quoteQty": "289.98560000", "time": 1693114298485, "isBuyerMaker": false, "isBestMatch": true}, {"id": 32677906, "price": "0.95390000", "qty": "309.30000000", "quoteQty": "295.04127000", "time": 1693114298485, "isBuyerMaker": false, "isBestMatch": true}, {"id": 32677907, "price": "0.95390000", "qty": "33.00000000", "quoteQty": "31.47870000", "time": 1693114298485, "isBuyerMaker": false, "isBestMatch": true}, {"id": 32677908, "price": "0.95400000", "qty": "387.50000000", "quoteQty": "369.67500000", "time": 1693114298485, "isBuyerMaker": false, "isBestMatch": true}, {"id": 32677909, "price": "0.95400000", "qty": "40.20000000", "quoteQty": "38.35080000", "time": 1693114298494, "isBuyerMaker": true, "isBestMatch": true}, {"id": 32677910, "price": "0.95410000", "qty": "25.00000000", "quoteQty": "23.85250000", "time": 1693114298565, "isBuyerMaker": false, "isBestMatch": true}, {"id": 32677911, "price": "0.95410000", "qty": "59.00000000", "quoteQty": "56.29190000", "time": 1693114298613, "isBuyerMaker": false, "isBestMatch": true}, {"id": 32677912, "price": "0.95400000", "qty": "191.10000000", "quoteQty": "182.30940000", "time": 1693114298723, "isBuyerMaker": true, "isBestMatch": true}, {"id": 32677913, "price": "0.95400000", "qty": "108.80000000", "quoteQty": "103.79520000", "time": 1693114298723, "isBuyerMaker": true, "isBestMatch": true}, {"id": 32677914, "price": "0.95410000", "qty": "315.80000000", "quoteQty": "301.30478000", "time": 1693114298890, "isBuyerMaker": false, "isBestMatch": true}, {"id": 32677915, "price": "0.95410000", "qty": "7.70000000", "quoteQty": "7.34657000", "time": 1693114311655, "isBuyerMaker": false, "isBestMatch": true}, {"id": 32677916, "price": "0.95410000", "qty": "250.00000000", "quoteQty": "238.52500000", "time": 1693114311655, "isBuyerMaker": false, "isBestMatch": true}, {"id": 32677917, "price": "0.95410000", "qty": "122.30000000", "quoteQty": "116.68643000", "time": 1693114311655, "isBuyerMaker": false, "isBestMatch": true}, {"id": 32677918, "price": "0.95410000", "qty": "547.30000000", "quoteQty": "522.17893000", "time": 1693114318575, "isBuyerMaker": false, "isBestMatch": true}, {"id": 32677919, "price": "0.95410000", "qty": "150.50000000", "quoteQty": "143.59205000", "time": 1693114318580, "isBuyerMaker": false, "isBestMatch": true}, {"id": 32677920, "price": "0.95410000", "qty": "13.00000000", "quoteQty": "12.40330000", "time": 1693114318580, "isBuyerMaker": false, "isBestMatch": true}, {"id": 32677921, "price": "0.95410000", "qty": "24.00000000", "quoteQty": "22.89840000", "time": 1693114318826, "isBuyerMaker": true, "isBestMatch": true}, {"id": 32677922, "price": "0.95410000", "qty": "15.40000000", "quoteQty": "14.69314000", "time": 1693114322689, "isBuyerMaker": true, "isBestMatch": true}, {"id": 32677923, "price": "0.95410000", "qty": "838.10000000", "quoteQty": "799.63121000", "time": 1693114326012, "isBuyerMaker": true, "isBestMatch": true}, {"id": 32677924, "price": "0.95410000", "qty": "444.30000000", "quoteQty": "423.90663000", "time": 1693114326012, "isBuyerMaker": true, "isBestMatch": true}, {"id": 32677925, "price": "0.95410000", "qty": "957.30000000", "quoteQty": "913.35993000", "time": 1693114326012, "isBuyerMaker": true, "isBestMatch": true}, {"id": 32677926, "price": "0.95410000", "qty": "65.70000000", "quoteQty": "62.68437000", "time": 1693114326070, "isBuyerMaker": true, "isBestMatch": true}, {"id": 32677927, "price": "0.95410000", "qty": "125.40000000", "quoteQty": "119.64414000", "time": 1693114326070, "isBuyerMaker": true, "isBestMatch": true}, {"id": 32677928, "price": "0.95410000", "qty": "174.40000000", "quoteQty": "166.39504000", "time": 1693114326077, "isBuyerMaker": true, "isBestMatch": true}, {"id": 32677929, "price": "0.95410000", "qty": "1023.00000000", "quoteQty": "976.04430000", "time": 1693114328415, "isBuyerMaker": false, "isBestMatch": true}, {"id": 32677930, "price": "0.95410000", "qty": "396.10000000", "quoteQty": "377.91901000", "time": 1693114328415, "isBuyerMaker": false, "isBestMatch": true}, {"id": 32677931, "price": "0.95410000", "qty": "250.00000000", "quoteQty": "238.52500000", "time": 1693114328415, "isBuyerMaker": false, "isBestMatch": true}, {"id": 32677932, "price": "0.95410000", "qty": "427.10000000", "quoteQty": "407.49611000", "time": 1693114328415, "isBuyerMaker": false, "isBestMatch": true}, {"id": 32677933, "price": "0.95400000", "qty": "1025.20000000", "quoteQty": "978.04080000", "time": 1693114338695, "isBuyerMaker": true, "isBestMatch": true}, {"id": 32677934, "price": "0.95400000", "qty": "221.20000000", "quoteQty": "211.02480000", "time": 1693114338695, "isBuyerMaker": true, "isBestMatch": true}, {"id": 32677935, "price": "0.95400000", "qty": "250.00000000", "quoteQty": "238.50000000", "time": 1693114338695, "isBuyerMaker": true, "isBestMatch": true}, {"id": 32677936, "price": "0.95390000", "qty": "601.20000000", "quoteQty": "573.48468000", "time": 1693114338695, "isBuyerMaker": true, "isBestMatch": true}, {"id": 32677937, "price": "0.95390000", "qty": "532.80000000", "quoteQty": "508.23792000", "time": 1693114339852, "isBuyerMaker": true, "isBestMatch": true}, {"id": 32677938, "price": "0.95380000", "qty": "905.00000000", "quoteQty": "863.18900000", "time": 1693114358558, "isBuyerMaker": true, "isBestMatch": true}, {"id": 32677939, "price": "0.95390000", "qty": "113.80000000", "quoteQty": "108.55382000", "time": 1693114362851, "isBuyerMaker": false, "isBestMatch": true}, {"id": 32677940, "price": "0.95370000", "qty": "219.20000000", "quoteQty": "209.05104000", "time": 1693114385071, "isBuyerMaker": true, "isBestMatch": true}, {"id": 32677941, "price": "0.95370000", "qty": "750.00000000", "quoteQty": "715.27500000", "time": 1693114386923, "isBuyerMaker": false, "isBestMatch": true}, {"id": 32677942, "price": "0.95370000", "qty": "319.90000000", "quoteQty": "305.08863000", "time": 1693114386923, "isBuyerMaker": false, "isBestMatch": true}, {"id": 32677943, "price": "0.95370000", "qty": "923.00000000", "quoteQty": "880.26510000", "time": 1693114413539, "isBuyerMaker": false, "isBestMatch": true}, {"id": 32677944, "price": "0.95370000", "qty": "1342.00000000", "quoteQty": "1279.86540000", "time": 1693114413539, "isBuyerMaker": false, "isBestMatch": true}, {"id": 32677945, "price": "0.95370000", "qty": "72.80000000", "quoteQty": "69.42936000", "time": 1693114413539, "isBuyerMaker": false, "isBestMatch": true}, {"id": 32677946, "price": "0.95370000", "qty": "240.00000000", "quoteQty": "228.88800000", "time": 1693114413539, "isBuyerMaker": false, "isBestMatch": true}, {"id": 32677947, "price": "0.95370000", "qty": "655.10000000", "quoteQty": "624.76887000", "time": 1693114413539, "isBuyerMaker": false, "isBestMatch": true}, {"id": 32677948, "price": "0.95370000", "qty": "250.00000000", "quoteQty": "238.42500000", "time": 1693114413539, "isBuyerMaker": false, "isBestMatch": true}, {"id": 32677949, "price": "0.95380000", "qty": "923.00000000", "quoteQty": "880.35740000", "time": 1693114413539, "isBuyerMaker": false, "isBestMatch": true}, {"id": 32677950, "price": "0.95380000", "qty": "1215.10000000", "quoteQty": "1158.96238000", "time": 1693114413539, "isBuyerMaker": false, "isBestMatch": true}, {"id": 32677951, "price": "0.95380000", "qty": "157.20000000", "quoteQty": "149.93736000", "time": 1693114413539, "isBuyerMaker": false, "isBestMatch": true}, {"id": 32677952, "price": "0.95390000", "qty": "972.00000000", "quoteQty": "927.19080000", "time": 1693114413539, "isBuyerMaker": false, "isBestMatch": true}, {"id": 32677953, "price": "0.95390000", "qty": "396.40000000", "quoteQty": "378.12596000", "time": 1693114413539, "isBuyerMaker": false, "isBestMatch": true}, {"id": 32677954, "price": "0.95390000", "qty": "385.40000000", "quoteQty": "367.63306000", "time": 1693114413539, "isBuyerMaker": false, "isBestMatch": true}, {"id": 32677955, "price": "0.95390000", "qty": "802.20000000", "quoteQty": "765.21858000", "time": 1693114413539, "isBuyerMaker": false, "isBestMatch": true}, {"id": 32677956, "price": "0.95400000", "qty": "972.00000000", "quoteQty": "927.28800000", "time": 1693114413539, "isBuyerMaker": false, "isBestMatch": true}, {"id": 32677957, "price": "0.95400000", "qty": "1279.40000000", "quoteQty": "1220.54760000", "time": 1693114413539, "isBuyerMaker": false, "isBestMatch": true}, {"id": 32677958, "price": "0.95400000", "qty": "305.20000000", "quoteQty": "291.16080000", "time": 1693114413539, "isBuyerMaker": false, "isBestMatch": true}, {"id": 32677959, "price": "0.95400000", "qty": "1600.00000000", "quoteQty": "1526.40000000", "time": 1693114413539, "isBuyerMaker": false, "isBestMatch": true}, {"id": 32677960, "price": "0.95400000", "qty": "1600.00000000", "quoteQty": "1526.40000000", "time": 1693114413539, "isBuyerMaker": false, "isBestMatch": true}, {"id": 32677961, "price": "0.95410000", "qty": "1023.00000000", "quoteQty": "976.04430000", "time": 1693114413539, "isBuyerMaker": false, "isBestMatch": true}, {"id": 32677962, "price": "0.95410000", "qty": "1278.70000000", "quoteQty": "1220.00767000", "time": 1693114413539, "isBuyerMaker": false, "isBestMatch": true}, {"id": 32677963, "price": "0.95410000", "qty": "305.60000000", "quoteQty": "291.57296000", "time": 1693114413539, "isBuyerMaker": false, "isBestMatch": true}, {"id": 32677964, "price": "0.95410000", "qty": "2267.50000000", "quoteQty": "2163.42175000", "time": 1693114413539, "isBuyerMaker": false, "isBestMatch": true}, {"id": 32677965, "price": "0.95410000", "qty": "524.30000000", "quoteQty": "500.23463000", "time": 1693114413539, "isBuyerMaker": false, "isBestMatch": true}, {"id": 32677966, "price": "0.95420000", "qty": "1023.00000000", "quoteQty": "976.14660000", "time": 1693114413539, "isBuyerMaker": false, "isBestMatch": true}, {"id": 32677967, "price": "0.95420000", "qty": "1584.30000000", "quoteQty": "1511.73906000", "time": 1693114413539, "isBuyerMaker": false, "isBestMatch": true}, {"id": 32677968, "price": "0.95420000", "qty": "1872.60000000", "quoteQty": "1786.83492000", "time": 1693114413539, "isBuyerMaker": false, "isBestMatch": true}, {"id": 32677969, "price": "0.95420000", "qty": "1048.60000000", "quoteQty": "1000.57412000", "time": 1693114413539, "isBuyerMaker": false, "isBestMatch": true}, {"id": 32677970, "price": "0.95420000", "qty": "220.60000000", "quoteQty": "210.49652000", "time": 1693114413539, "isBuyerMaker": false, "isBestMatch": true}, {"id": 32677971, "price": "0.95420000", "qty": "8755.40000000", "quoteQty": "8354.40268000", "time": 1693114413539, "isBuyerMaker": false, "isBestMatch": true}, {"id": 32677972, "price": "0.95420000", "qty": "220.60000000", "quoteQty": "210.49652000", "time": 1693114413662, "isBuyerMaker": false, "isBestMatch": true}, {"id": 32677973, "price": "0.95420000", "qty": "220.60000000", "quoteQty": "210.49652000", "time": 1693114413662, "isBuyerMaker": false, "isBestMatch": true}, {"id": 32677974, "price": "0.95420000", "qty": "220.60000000", "quoteQty": "210.49652000", "time": 1693114413662, "isBuyerMaker": false, "isBestMatch": true}, {"id": 32677975, "price": "0.95420000", "qty": "220.60000000", "quoteQty": "210.49652000", "time": 1693114413662, "isBuyerMaker": false, "isBestMatch": true}, {"id": 32677976, "price": "0.95420000", "qty": "220.60000000", "quoteQty": "210.49652000", "time": 1693114413662, "isBuyerMaker": false, "isBestMatch": true}, {"id": 32677977, "price": "0.95420000", "qty": "220.60000000", "quoteQty": "210.49652000", "time": 1693114413662, "isBuyerMaker": false, "isBestMatch": true}, {"id": 32677978, "price": "0.95420000", "qty": "170.10000000", "quoteQty": "162.30942000", "time": 1693114413662, "isBuyerMaker": false, "isBestMatch": true}, {"id": 32677979, "price": "0.95420000", "qty": "50.50000000", "quoteQty": "48.18710000", "time": 1693114413717, "isBuyerMaker": false, "isBestMatch": true}, {"id": 32677980, "price": "0.95420000", "qty": "220.60000000", "quoteQty": "210.49652000", "time": 1693114413717, "isBuyerMaker": false, "isBestMatch": true}, {"id": 32677981, "price": "0.95420000", "qty": "220.30000000", "quoteQty": "210.21026000", "time": 1693114413717, "isBuyerMaker": false, "isBestMatch": true}, {"id": 32677982, "price": "0.95430000", "qty": "12.00000000", "quoteQty": "11.45160000", "time": 1693114427647, "isBuyerMaker": false, "isBestMatch": true}, {"id": 32677983, "price": "0.95430000", "qty": "88.00000000", "quoteQty": "83.97840000", "time": 1693114427647, "isBuyerMaker": false, "isBestMatch": true}, {"id": 32677984, "price": "0.95420000", "qty": "1002.30000000", "quoteQty": "956.39466000", "time": 1693114428120, "isBuyerMaker": true, "isBestMatch": true}, {"id": 32677985, "price": "0.95420000", "qty": "429.90000000", "quoteQty": "410.21058000", "time": 1693114428120, "isBuyerMaker": true, "isBestMatch": true}, {"id": 32677986, "price": "0.95420000", "qty": "625.10000000", "quoteQty": "596.47042000", "time": 1693114428120, "isBuyerMaker": true, "isBestMatch": true}, {"id": 32677987, "price": "0.95420000", "qty": "250.90000000", "quoteQty": "239.40878000", "time": 1693114428166, "isBuyerMaker": true, "isBestMatch": true}, {"id": 32677988, "price": "0.95420000", "qty": "52.30000000", "quoteQty": "49.90466000", "time": 1693114442370, "isBuyerMaker": false, "isBestMatch": true}, {"id": 32677989, "price": "0.95410000", "qty": "191.10000000", "quoteQty": "182.32851000", "time": 1693114472816, "isBuyerMaker": false, "isBestMatch": true}, {"id": 32677990, "price": "0.95410000", "qty": "17.10000000", "quoteQty": "16.31511000", "time": 1693114472908, "isBuyerMaker": false, "isBestMatch": true}, {"id": 32677991, "price": "0.95420000", "qty": "2095.80000000", "quoteQty": "1999.81236000", "time": 1693114492491, "isBuyerMaker": false, "isBestMatch": true}, {"id": 32677992, "price": "0.95420000", "qty": "392.40000000", "quoteQty": "374.42808000", "time": 1693114492491, "isBuyerMaker": false, "isBestMatch": true}, {"id": 32677993, "price": "0.95420000", "qty": "21.00000000", "quoteQty": "20.03820000", "time": 1693114492491, "isBuyerMaker": false, "isBestMatch": true}, {"id": 32677994, "price": "0.95440000", "qty": "11.30000000", "quoteQty": "10.78472000", "time": 1693114492502, "isBuyerMaker": false, "isBestMatch": true}, {"id": 32677995, "price": "0.95440000", "qty": "33.00000000", "quoteQty": "31.49520000", "time": 1693114492761, "isBuyerMaker": true, "isBestMatch": true}, {"id": 32677996, "price": "0.95440000", "qty": "15.40000000", "quoteQty": "14.69776000", "time": 1693114494298, "isBuyerMaker": true, "isBestMatch": true}, {"id": 32677997, "price": "0.95450000", "qty": "30.00000000", "quoteQty": "28.63500000", "time": 1693114509392, "isBuyerMaker": false, "isBestMatch": true}, {"id": 32677998, "price": "0.95450000", "qty": "13.00000000", "quoteQty": "12.40850000", "time": 1693114509392, "isBuyerMaker": false, "isBestMatch": true}, {"id": 32677999, "price": "0.95450000", "qty": "19.00000000", "quoteQty": "18.13550000", "time": 1693114509392, "isBuyerMaker": false, "isBestMatch": true}, {"id": 32678000, "price": "0.95450000", "qty": "30.30000000", "quoteQty": "28.92135000", "time": 1693114509392, "isBuyerMaker": false, "isBestMatch": true}, {"id": 32678001, "price": "0.95450000", "qty": "647.90000000", "quoteQty": "618.42055000", "time": 1693114509392, "isBuyerMaker": false, "isBestMatch": true}, {"id": 32678002, "price": "0.95450000", "qty": "405.50000000", "quoteQty": "387.04975000", "time": 1693114509392, "isBuyerMaker": false, "isBestMatch": true}, {"id": 32678003, "price": "0.95450000", "qty": "526.50000000", "quoteQty": "502.54425000", "time": 1693114509392, "isBuyerMaker": false, "isBestMatch": true}, {"id": 32678004, "price": "0.95460000", "qty": "10.50000000", "quoteQty": "10.02330000", "time": 1693114517945, "isBuyerMaker": true, "isBestMatch": true}, {"id": 32678005, "price": "0.95460000", "qty": "632.10000000", "quoteQty": "603.40266000", "time": 1693114527330, "isBuyerMaker": true, "isBestMatch": true}, {"id": 32678006, "price": "0.95460000", "qty": "791.00000000", "quoteQty": "755.08860000", "time": 1693114527330, "isBuyerMaker": true, "isBestMatch": true}, {"id": 32678007, "price": "0.95460000", "qty": "250.00000000", "quoteQty": "238.65000000", "time": 1693114527330, "isBuyerMaker": true, "isBestMatch": true}, {"id": 32678008, "price": "0.95450000", "qty": "801.30000000", "quoteQty": "764.84085000", "time": 1693114527330, "isBuyerMaker": true, "isBestMatch": true}, {"id": 32678009, "price": "0.95450000", "qty": "791.00000000", "quoteQty": "755.00950000", "time": 1693114527330, "isBuyerMaker": true, "isBestMatch": true}, {"id": 32678010, "price": "0.95450000", "qty": "250.00000000", "quoteQty": "238.62500000", "time": 1693114527330, "isBuyerMaker": true, "isBestMatch": true}, {"id": 32678011, "price": "0.95450000", "qty": "466.20000000", "quoteQty": "444.98790000", "time": 1693114527330, "isBuyerMaker": true, "isBestMatch": true}, {"id": 32678012, "price": "0.95460000", "qty": "41.90000000", "quoteQty": "39.99774000", "time": 1693114534011, "isBuyerMaker": false, "isBestMatch": true}, {"id": 32678013, "price": "0.95450000", "qty": "15.00000000", "quoteQty": "14.31750000", "time": 1693114540521, "isBuyerMaker": true, "isBestMatch": true}, {"id": 32678014, "price": "0.95450000", "qty": "221.10000000", "quoteQty": "211.03995000", "time": 1693114564440, "isBuyerMaker": true, "isBestMatch": true}, {"id": 32678015, "price": "0.95450000", "qty": "1002.00000000", "quoteQty": "956.40900000", "time": 1693114564440, "isBuyerMaker": true, "isBestMatch": true}, {"id": 32678016, "price": "0.95440000", "qty": "832.00000000", "quoteQty": "794.06080000", "time": 1693114565638, "isBuyerMaker": true, "isBestMatch": true}, {"id": 32678017, "price": "0.95430000", "qty": "832.00000000", "quoteQty": "793.97760000", "time": 1693114565638, "isBuyerMaker": true, "isBestMatch": true}, {"id": 32678018, "price": "0.95430000", "qty": "250.00000000", "quoteQty": "238.57500000", "time": 1693114565638, "isBuyerMaker": true, "isBestMatch": true}, {"id": 32678019, "price": "0.95430000", "qty": "1983.90000000", "quoteQty": "1893.23577000", "time": 1693114565638, "isBuyerMaker": true, "isBestMatch": true}, {"id": 32678020, "price": "0.95420000", "qty": "250.00000000", "quoteQty": "238.55000000", "time": 1693114565638, "isBuyerMaker": true, "isBestMatch": true}, {"id": 32678021, "price": "0.95420000", "qty": "396.60000000", "quoteQty": "378.43572000", "time": 1693114565638, "isBuyerMaker": true, "isBestMatch": true}, {"id": 32678022, "price": "0.95420000", "qty": "1188.30000000", "quoteQty": "1133.87586000", "time": 1693114565638, "isBuyerMaker": true, "isBestMatch": true}, {"id": 32678023, "price": "0.95420000", "qty": "1268.40000000", "quoteQty": "1210.30728000", "time": 1693114565638, "isBuyerMaker": true, "isBestMatch": true}, {"id": 32678024, "price": "0.95410000", "qty": "232.90000000", "quoteQty": "222.20989000", "time": 1693114565638, "isBuyerMaker": true, "isBestMatch": true}, {"id": 32678025, "price": "0.95410000", "qty": "832.00000000", "quoteQty": "793.81120000", "time": 1693114565638, "isBuyerMaker": true, "isBestMatch": true}, {"id": 32678026, "price": "0.95410000", "qty": "396.00000000", "quoteQty": "377.82360000", "time": 1693114565638, "isBuyerMaker": true, "isBestMatch": true}, {"id": 32678027, "price": "0.95410000", "qty": "1188.40000000", "quoteQty": "1133.85244000", "time": 1693114565638, "isBuyerMaker": true, "isBestMatch": true}, {"id": 32678028, "price": "0.95410000", "qty": "1361.00000000", "quoteQty": "1298.53010000", "time": 1693114565638, "isBuyerMaker": true, "isBestMatch": true}, {"id": 32678029, "price": "0.95400000", "qty": "923.00000000", "quoteQty": "880.54200000", "time": 1693114565638, "isBuyerMaker": true, "isBestMatch": true}, {"id": 32678030, "price": "0.95400000", "qty": "472.60000000", "quoteQty": "450.86040000", "time": 1693114565638, "isBuyerMaker": true, "isBestMatch": true}, {"id": 32678031, "price": "0.95400000", "qty": "396.60000000", "quoteQty": "378.35640000", "time": 1693114565638, "isBuyerMaker": true, "isBestMatch": true}, {"id": 32678032, "price": "0.95400000", "qty": "410.10000000", "quoteQty": "391.23540000", "time": 1693114565638, "isBuyerMaker": true, "isBestMatch": true}, {"id": 32678033, "price": "0.95400000", "qty": "305.30000000", "quoteQty": "291.25620000", "time": 1693114565638, "isBuyerMaker": true, "isBestMatch": true}, {"id": 32678034, "price": "0.95400000", "qty": "7857.90000000", "quoteQty": "7496.43660000", "time": 1693114565638, "isBuyerMaker": true, "isBestMatch": true}, {"id": 32678035, "price": "0.95400000", "qty": "783.50000000", "quoteQty": "747.45900000", "time": 1693114565638, "isBuyerMaker": true, "isBestMatch": true}, {"id": 32678036, "price": "0.95410000", "qty": "603.00000000", "quoteQty": "575.32230000", "time": 1693114565717, "isBuyerMaker": true, "isBestMatch": true}, {"id": 32678037, "price": "0.95410000", "qty": "791.00000000", "quoteQty": "754.69310000", "time": 1693114565717, "isBuyerMaker": true, "isBestMatch": true}, {"id": 32678038, "price": "0.95410000", "qty": "224.70000000", "quoteQty": "214.38627000", "time": 1693114565717, "isBuyerMaker": true, "isBestMatch": true}, {"id": 32678039, "price": "0.95410000", "qty": "271.00000000", "quoteQty": "258.56110000", "time": 1693114565717, "isBuyerMaker": true, "isBestMatch": true}, {"id": 32678040, "price": "0.95400000", "qty": "190.00000000", "quoteQty": "181.26000000", "time": 1693114565717, "isBuyerMaker": true, "isBestMatch": true}, {"id": 32678041, "price": "0.95390000", "qty": "15.20000000", "quoteQty": "14.49928000", "time": 1693114565717, "isBuyerMaker": true, "isBestMatch": true}, {"id": 32678042, "price": "0.95400000", "qty": "801.30000000", "quoteQty": "764.44020000", "time": 1693114565722, "isBuyerMaker": true, "isBestMatch": true}, {"id": 32678043, "price": "0.95390000", "qty": "907.80000000", "quoteQty": "865.95042000", "time": 1693114565722, "isBuyerMaker": true, "isBestMatch": true}, {"id": 32678044, "price": "0.95390000", "qty": "2095.40000000", "quoteQty": "1998.80206000", "time": 1693114565722, "isBuyerMaker": true, "isBestMatch": true}, {"id": 32678045, "price": "0.95390000", "qty": "1047.70000000", "quoteQty": "999.40103000", "time": 1693114565722, "isBuyerMaker": true, "isBestMatch": true}, {"id": 32678046, "price": "0.95390000", "qty": "188.40000000", "quoteQty": "179.71476000", "time": 1693114565722, "isBuyerMaker": true, "isBestMatch": true}, {"id": 32678047, "price": "0.95390000", "qty": "120.90000000", "quoteQty": "115.32651000", "time": 1693114576708, "isBuyerMaker": false, "isBestMatch": true}, {"id": 32678048, "price": "0.95390000", "qty": "225.30000000", "quoteQty": "214.91367000", "time": 1693114586172, "isBuyerMaker": false, "isBestMatch": true}, {"id": 32678049, "price": "0.95370000", "qty": "833.70000000", "quoteQty": "795.09969000", "time": 1693114590012, "isBuyerMaker": true, "isBestMatch": true}, {"id": 32678050, "price": "0.95420000", "qty": "48.70000000", "quoteQty": "46.46954000", "time": 1693114610011, "isBuyerMaker": false, "isBestMatch": true}, {"id": 32678051, "price": "0.95430000", "qty": "900.10000000", "quoteQty": "858.96543000", "time": 1693114634577, "isBuyerMaker": true, "isBestMatch": true}, {"id": 32678052, "price": "0.95430000", "qty": "218.70000000", "quoteQty": "208.70541000", "time": 1693114634636, "isBuyerMaker": true, "isBestMatch": true}, {"id": 32678053, "price": "0.95430000", "qty": "31.30000000", "quoteQty": "29.86959000", "time": 1693114634636, "isBuyerMaker": true, "isBestMatch": true}, {"id": 32678054, "price": "0.95430000", "qty": "191.10000000", "quoteQty": "182.36673000", "time": 1693114634637, "isBuyerMaker": true, "isBestMatch": true}, {"id": 32678055, "price": "0.95430000", "qty": "174.50000000", "quoteQty": "166.52535000", "time": 1693114634638, "isBuyerMaker": true, "isBestMatch": true}, {"id": 32678056, "price": "0.95420000", "qty": "751.00000000", "quoteQty": "716.60420000", "time": 1693114643904, "isBuyerMaker": false, "isBestMatch": true}, {"id": 32678057, "price": "0.95420000", "qty": "250.00000000", "quoteQty": "238.55000000", "time": 1693114643904, "isBuyerMaker": false, "isBestMatch": true}, {"id": 32678058, "price": "0.95420000", "qty": "46.90000000", "quoteQty": "44.75198000", "time": 1693114643904, "isBuyerMaker": false, "isBestMatch": true}, {"id": 32678059, "price": "0.95440000", "qty": "17.00000000", "quoteQty": "16.22480000", "time": 1693114655533, "isBuyerMaker": false, "isBestMatch": true}, {"id": 32678060, "price": "0.95440000", "qty": "191.10000000", "quoteQty": "182.38584000", "time": 1693114658139, "isBuyerMaker": false, "isBestMatch": true}, {"id": 32678061, "price": "0.95470000", "qty": "12.20000000", "quoteQty": "11.64734000", "time": 1693114724362, "isBuyerMaker": false, "isBestMatch": true}, {"id": 32678062, "price": "0.95450000", "qty": "396.60000000", "quoteQty": "378.55470000", "time": 1693114730170, "isBuyerMaker": true, "isBestMatch": true}, {"id": 32678063, "price": "0.95440000", "qty": "21.50000000", "quoteQty": "20.51960000", "time": 1693114731057, "isBuyerMaker": false, "isBestMatch": true}, {"id": 32678064, "price": "0.95430000", "qty": "233.80000000", "quoteQty": "223.11534000", "time": 1693114742087, "isBuyerMaker": true, "isBestMatch": true}, {"id": 32678065, "price": "0.95410000", "qty": "250.00000000", "quoteQty": "238.52500000", "time": 1693114743461, "isBuyerMaker": true, "isBestMatch": true}, {"id": 32678066, "price": "0.95400000", "qty": "438.20000000", "quoteQty": "418.04280000", "time": 1693114746994, "isBuyerMaker": false, "isBestMatch": true}, {"id": 32678067, "price": "0.95440000", "qty": "29.00000000", "quoteQty": "27.67760000", "time": 1693114775169, "isBuyerMaker": true, "isBestMatch": true}, {"id": 32678068, "price": "0.95450000", "qty": "132.00000000", "quoteQty": "125.99400000", "time": 1693114787460, "isBuyerMaker": false, "isBestMatch": true}, {"id": 32678069, "price": "0.95450000", "qty": "2400.00000000", "quoteQty": "2290.80000000", "time": 1693114787583, "isBuyerMaker": false, "isBestMatch": true}, {"id": 32678070, "price": "0.95460000", "qty": "220.50000000", "quoteQty": "210.48930000", "time": 1693114787643, "isBuyerMaker": false, "isBestMatch": true}, {"id": 32678071, "price": "0.95460000", "qty": "220.50000000", "quoteQty": "210.48930000", "time": 1693114787643, "isBuyerMaker": false, "isBestMatch": true}, {"id": 32678072, "price": "0.95460000", "qty": "220.50000000", "quoteQty": "210.48930000", "time": 1693114787643, "isBuyerMaker": false, "isBestMatch": true}, {"id": 32678073, "price": "0.95460000", "qty": "220.50000000", "quoteQty": "210.48930000", "time": 1693114787643, "isBuyerMaker": false, "isBestMatch": true}, {"id": 32678074, "price": "0.95460000", "qty": "16.60000000", "quoteQty": "15.84636000", "time": 1693114787643, "isBuyerMaker": false, "isBestMatch": true}, {"id": 32678075, "price": "0.95460000", "qty": "29.80000000", "quoteQty": "28.44708000", "time": 1693114807513, "isBuyerMaker": false, "isBestMatch": true}, {"id": 32678076, "price": "0.95450000", "qty": "333.10000000", "quoteQty": "317.94395000", "time": 1693114821339, "isBuyerMaker": true, "isBestMatch": true}, {"id": 32678077, "price": "0.95440000", "qty": "55.10000000", "quoteQty": "52.58744000", "time": 1693114821449, "isBuyerMaker": true, "isBestMatch": true}, {"id": 32678078, "price": "0.95440000", "qty": "1231.40000000", "quoteQty": "1175.24816000", "time": 1693114825602, "isBuyerMaker": true, "isBestMatch": true}, {"id": 32678079, "price": "0.95440000", "qty": "15.60000000", "quoteQty": "14.88864000", "time": 1693114825602, "isBuyerMaker": true, "isBestMatch": true}, {"id": 32678080, "price": "0.95430000", "qty": "396.20000000", "quoteQty": "378.09366000", "time": 1693114825602, "isBuyerMaker": true, "isBestMatch": true}, {"id": 32678081, "price": "0.95430000", "qty": "787.00000000", "quoteQty": "751.03410000", "time": 1693114825602, "isBuyerMaker": true, "isBestMatch": true}, {"id": 32678082, "price": "0.95430000", "qty": "250.00000000", "quoteQty": "238.57500000", "time": 1693114825602, "isBuyerMaker": true, "isBestMatch": true}, {"id": 32678083, "price": "0.95430000", "qty": "719.40000000", "quoteQty": "686.52342000", "time": 1693114825602, "isBuyerMaker": true, "isBestMatch": true}, {"id": 32678084, "price": "0.95430000", "qty": "468.50000000", "quoteQty": "447.08955000", "time": 1693114825602, "isBuyerMaker": true, "isBestMatch": true}, {"id": 32678085, "price": "0.95430000", "qty": "1364.10000000", "quoteQty": "1301.76063000", "time": 1693114825602, "isBuyerMaker": true, "isBestMatch": true}, {"id": 32678086, "price": "0.95420000", "qty": "118.00000000", "quoteQty": "112.59560000", "time": 1693114825602, "isBuyerMaker": true, "isBestMatch": true}, {"id": 32678087, "price": "0.95420000", "qty": "787.00000000", "quoteQty": "750.95540000", "time": 1693114825602, "isBuyerMaker": true, "isBestMatch": true}, {"id": 32678088, "price": "0.95420000", "qty": "270.30000000", "quoteQty": "257.92026000", "time": 1693114825602, "isBuyerMaker": true, "isBestMatch": true}, {"id": 32678089, "price": "0.95420000", "qty": "544.50000000", "quoteQty": "519.56190000", "time": 1693114825602, "isBuyerMaker": true, "isBestMatch": true}, {"id": 32678090, "price": "0.95420000", "qty": "737.00000000", "quoteQty": "703.24540000", "time": 1693114825602, "isBuyerMaker": true, "isBestMatch": true}, {"id": 32678091, "price": "0.95420000", "qty": "1907.50000000", "quoteQty": "1820.13650000", "time": 1693114825602, "isBuyerMaker": true, "isBestMatch": true}, {"id": 32678092, "price": "0.95420000", "qty": "403.50000000", "quoteQty": "385.01970000", "time": 1693114825602, "isBuyerMaker": true, "isBestMatch": true}, {"id": 32678093, "price": "0.95420000", "qty": "912.00000000", "quoteQty": "870.23040000", "time": 1693114827318, "isBuyerMaker": false, "isBestMatch": true}, {"id": 32678094, "price": "0.95420000", "qty": "199.40000000", "quoteQty": "190.26748000", "time": 1693114827318, "isBuyerMaker": false, "isBestMatch": true}, {"id": 32678095, "price": "0.95420000", "qty": "250.00000000", "quoteQty": "238.55000000", "time": 1693114827318, "isBuyerMaker": false, "isBestMatch": true}, {"id": 32678096, "price": "0.95420000", "qty": "399.70000000", "quoteQty": "381.39374000", "time": 1693114827318, "isBuyerMaker": false, "isBestMatch": true}, {"id": 32678097, "price": "0.95420000", "qty": "238.90000000", "quoteQty": "227.95838000", "time": 1693114827318, "isBuyerMaker": false, "isBestMatch": true}, {"id": 32678098, "price": "0.95410000", "qty": "250.00000000", "quoteQty": "238.52500000", "time": 1693114829271, "isBuyerMaker": true, "isBestMatch": true}, {"id": 32678099, "price": "0.95410000", "qty": "13.70000000", "quoteQty": "13.07117000", "time": 1693114837312, "isBuyerMaker": false, "isBestMatch": true}, {"id": 32678100, "price": "0.95420000", "qty": "481.30000000", "quoteQty": "459.25646000", "time": 1693114839007, "isBuyerMaker": true, "isBestMatch": true}, {"id": 32678101, "price": "0.95420000", "qty": "396.40000000", "quoteQty": "378.24488000", "time": 1693114839007, "isBuyerMaker": true, "isBestMatch": true}, {"id": 32678102, "price": "0.95420000", "qty": "1179.20000000", "quoteQty": "1125.19264000", "time": 1693114839007, "isBuyerMaker": true, "isBestMatch": true}, {"id": 32678103, "price": "0.95420000", "qty": "480.10000000", "quoteQty": "458.11142000", "time": 1693114839007, "isBuyerMaker": true, "isBestMatch": true}, {"id": 32678104, "price": "0.95420000", "qty": "912.00000000", "quoteQty": "870.23040000", "time": 1693114839007, "isBuyerMaker": true, "isBestMatch": true}, {"id": 32678105, "price": "0.95420000", "qty": "1337.30000000", "quoteQty": "1276.05166000", "time": 1693114839007, "isBuyerMaker": true, "isBestMatch": true}, {"id": 32678106, "price": "0.95420000", "qty": "1666.80000000", "quoteQty": "1590.46056000", "time": 1693114839007, "isBuyerMaker": true, "isBestMatch": true}, {"id": 32678107, "price": "0.95420000", "qty": "416.50000000", "quoteQty": "397.42430000", "time": 1693114839007, "isBuyerMaker": true, "isBestMatch": true}, {"id": 32678108, "price": "0.95420000", "qty": "220.00000000", "quoteQty": "209.92400000", "time": 1693114839007, "isBuyerMaker": true, "isBestMatch": true}, {"id": 32678109, "price": "0.95420000", "qty": "2910.40000000", "quoteQty": "2777.10368000", "time": 1693114839007, "isBuyerMaker": true, "isBestMatch": true}, {"id": 32678110, "price": "0.95430000", "qty": "50.00000000", "quoteQty": "47.71500000", "time": 1693114839232, "isBuyerMaker": false, "isBestMatch": true}, {"id": 32678111, "price": "0.95420000", "qty": "98.40000000", "quoteQty": "93.89328000", "time": 1693114849730, "isBuyerMaker": true, "isBestMatch": true}, {"id": 32678112, "price": "0.95430000", "qty": "209.50000000", "quoteQty": "199.92585000", "time": 1693114855646, "isBuyerMaker": false, "isBestMatch": true}, {"id": 32678113, "price": "0.95420000", "qty": "118.00000000", "quoteQty": "112.59560000", "time": 1693114873659, "isBuyerMaker": true, "isBestMatch": true}, {"id": 32678114, "price": "0.95420000", "qty": "250.00000000", "quoteQty": "238.55000000", "time": 1693114873663, "isBuyerMaker": true, "isBestMatch": true}, {"id": 32678115, "price": "0.95410000", "qty": "396.10000000", "quoteQty": "377.91901000", "time": 1693114873729, "isBuyerMaker": true, "isBestMatch": true}, {"id": 32678116, "price": "0.95400000", "qty": "12.00000000", "quoteQty": "11.44800000", "time": 1693114876335, "isBuyerMaker": true, "isBestMatch": true}, {"id": 32678117, "price": "0.95400000", "qty": "120.00000000", "quoteQty": "114.48000000", "time": 1693114877835, "isBuyerMaker": true, "isBestMatch": true}, {"id": 32678118, "price": "0.95400000", "qty": "396.10000000", "quoteQty": "377.87940000", "time": 1693114877835, "isBuyerMaker": true, "isBestMatch": true}, {"id": 32678119, "price": "0.95400000", "qty": "787.00000000", "quoteQty": "750.79800000", "time": 1693114877835, "isBuyerMaker": true, "isBestMatch": true}, {"id": 32678120, "price": "0.95400000", "qty": "345.30000000", "quoteQty": "329.41620000", "time": 1693114877835, "isBuyerMaker": true, "isBestMatch": true}, {"id": 32678121, "price": "0.95400000", "qty": "843.50000000", "quoteQty": "804.69900000", "time": 1693114877835, "isBuyerMaker": true, "isBestMatch": true}, {"id": 32678122, "price": "0.95400000", "qty": "417.00000000", "quoteQty": "397.81800000", "time": 1693114877835, "isBuyerMaker": true, "isBestMatch": true}, {"id": 32678123, "price": "0.95400000", "qty": "492.50000000", "quoteQty": "469.84500000", "time": 1693114877835, "isBuyerMaker": true, "isBestMatch": true}, {"id": 32678124, "price": "0.95400000", "qty": "681.40000000", "quoteQty": "650.05560000", "time": 1693114877836, "isBuyerMaker": true, "isBestMatch": true}, {"id": 32678125, "price": "0.95400000", "qty": "118.60000000", "quoteQty": "113.14440000", "time": 1693114877836, "isBuyerMaker": true, "isBestMatch": true}, {"id": 32678126, "price": "0.95400000", "qty": "760.80000000", "quoteQty": "725.80320000", "time": 1693114877836, "isBuyerMaker": true, "isBestMatch": true}, {"id": 32678127, "price": "0.95400000", "qty": "295.40000000", "quoteQty": "281.81160000", "time": 1693114877836, "isBuyerMaker": true, "isBestMatch": true}, {"id": 32678128, "price": "0.95400000", "qty": "1572.10000000", "quoteQty": "1499.78340000", "time": 1693114877836, "isBuyerMaker": true, "isBestMatch": true}, {"id": 32678129, "price": "0.95390000", "qty": "751.00000000", "quoteQty": "716.37890000", "time": 1693114877837, "isBuyerMaker": true, "isBestMatch": true}, {"id": 32678130, "price": "0.95390000", "qty": "1193.90000000", "quoteQty": "1138.86121000", "time": 1693114877837, "isBuyerMaker": true, "isBestMatch": true}, {"id": 32678131, "price": "0.95380000", "qty": "22.10000000", "quoteQty": "21.07898000", "time": 1693114877837, "isBuyerMaker": true, "isBestMatch": true}, {"id": 32678132, "price": "0.95380000", "qty": "800.00000000", "quoteQty": "763.04000000", "time": 1693114877837, "isBuyerMaker": true, "isBestMatch": true}, {"id": 32678133, "price": "0.95380000", "qty": "524.40000000", "quoteQty": "500.17272000", "time": 1693114877837, "isBuyerMaker": true, "isBestMatch": true}, {"id": 32678134, "price": "0.95370000", "qty": "89.30000000", "quoteQty": "85.16541000", "time": 1693114877838, "isBuyerMaker": true, "isBestMatch": true}, {"id": 32678135, "price": "0.95370000", "qty": "1048.20000000", "quoteQty": "999.66834000", "time": 1693114877838, "isBuyerMaker": true, "isBestMatch": true}, {"id": 32678136, "price": "0.95370000", "qty": "62.50000000", "quoteQty": "59.60625000", "time": 1693114877838, "isBuyerMaker": true, "isBestMatch": true}, {"id": 32678137, "price": "0.95360000", "qty": "250.00000000", "quoteQty": "238.40000000", "time": 1693114877966, "isBuyerMaker": true, "isBestMatch": true}, {"id": 32678138, "price": "0.95360000", "qty": "26.10000000", "quoteQty": "24.88896000", "time": 1693114883781, "isBuyerMaker": false, "isBestMatch": true}, {"id": 32678139, "price": "0.95350000", "qty": "22.10000000", "quoteQty": "21.07235000", "time": 1693114887249, "isBuyerMaker": true, "isBestMatch": true}, {"id": 32678140, "price": "0.95340000", "qty": "1299.20000000", "quoteQty": "1238.65728000", "time": 1693114890536, "isBuyerMaker": true, "isBestMatch": true}, {"id": 32678141, "price": "0.95340000", "qty": "118.00000000", "quoteQty": "112.50120000", "time": 1693114890536, "isBuyerMaker": true, "isBestMatch": true}, {"id": 32678142, "price": "0.95340000", "qty": "912.00000000", "quoteQty": "869.50080000", "time": 1693114890536, "isBuyerMaker": true, "isBestMatch": true}, {"id": 32678143, "price": "0.95340000", "qty": "36.10000000", "quoteQty": "34.41774000", "time": 1693114890536, "isBuyerMaker": true, "isBestMatch": true}, {"id": 32678144, "price": "0.95340000", "qty": "30.30000000", "quoteQty": "28.88802000", "time": 1693114911144, "isBuyerMaker": true, "isBestMatch": true}, {"id": 32678145, "price": "0.95340000", "qty": "590.40000000", "quoteQty": "562.88736000", "time": 1693114947780, "isBuyerMaker": true, "isBestMatch": true}, {"id": 32678146, "price": "0.95340000", "qty": "396.80000000", "quoteQty": "378.30912000", "time": 1693114947780, "isBuyerMaker": true, "isBestMatch": true}, {"id": 32678147, "price": "0.95340000", "qty": "1107.70000000", "quoteQty": "1056.08118000", "time": 1693114947780, "isBuyerMaker": true, "isBestMatch": true}, {"id": 32678148, "price": "0.95340000", "qty": "1080.50000000", "quoteQty": "1030.14870000", "time": 1693114949593, "isBuyerMaker": true, "isBestMatch": true}, {"id": 32678149, "price": "0.95340000", "qty": "450.50000000", "quoteQty": "429.50670000", "time": 1693114949593, "isBuyerMaker": true, "isBestMatch": true}, {"id": 32678150, "price": "0.95340000", "qty": "250.00000000", "quoteQty": "238.35000000", "time": 1693114949593, "isBuyerMaker": true, "isBestMatch": true}, {"id": 32678151, "price": "0.95340000", "qty": "498.10000000", "quoteQty": "474.88854000", "time": 1693114949594, "isBuyerMaker": true, "isBestMatch": true}, {"id": 32678152, "price": "0.95340000", "qty": "1048.80000000", "quoteQty": "999.92592000", "time": 1693114949594, "isBuyerMaker": true, "isBestMatch": true}, {"id": 32678153, "price": "0.95340000", "qty": "52.10000000", "quoteQty": "49.67214000", "time": 1693114949594, "isBuyerMaker": true, "isBestMatch": true}, {"id": 32678154, "price": "0.95320000", "qty": "37.20000000", "quoteQty": "35.45904000", "time": 1693114959106, "isBuyerMaker": false, "isBestMatch": true}, {"id": 32678155, "price": "0.95310000", "qty": "250.00000000", "quoteQty": "238.27500000", "time": 1693114960043, "isBuyerMaker": true, "isBestMatch": true}, {"id": 32678156, "price": "0.95310000", "qty": "1169.00000000", "quoteQty": "1114.17390000", "time": 1693114960043, "isBuyerMaker": true, "isBestMatch": true}, {"id": 32678157, "price": "0.95310000", "qty": "321.50000000", "quoteQty": "306.42165000", "time": 1693114960043, "isBuyerMaker": true, "isBestMatch": true}, {"id": 32678158, "price": "0.95310000", "qty": "1411.00000000", "quoteQty": "1344.82410000", "time": 1693114960043, "isBuyerMaker": true, "isBestMatch": true}, {"id": 32678159, "price": "0.95310000", "qty": "881.10000000", "quoteQty": "839.77641000", "time": 1693114960043, "isBuyerMaker": true, "isBestMatch": true}, {"id": 32678160, "price": "0.95310000", "qty": "194.40000000", "quoteQty": "185.28264000", "time": 1693114960043, "isBuyerMaker": true, "isBestMatch": true}, {"id": 32678161, "price": "0.95300000", "qty": "432.90000000", "quoteQty": "412.55370000", "time": 1693114960043, "isBuyerMaker": true, "isBestMatch": true}, {"id": 32678162, "price": "0.95300000", "qty": "1151.30000000", "quoteQty": "1097.18890000", "time": 1693114960043, "isBuyerMaker": true, "isBestMatch": true}, {"id": 32678163, "price": "0.95300000", "qty": "45.20000000", "quoteQty": "43.07560000", "time": 1693114960043, "isBuyerMaker": true, "isBestMatch": true}, {"id": 32678164, "price": "0.95300000", "qty": "1554.80000000", "quoteQty": "1481.72440000", "time": 1693114960043, "isBuyerMaker": true, "isBestMatch": true}, {"id": 32678165, "price": "0.95300000", "qty": "1848.90000000", "quoteQty": "1762.00170000", "time": 1693114960043, "isBuyerMaker": true, "isBestMatch": true}, {"id": 32678166, "price": "0.95300000", "qty": "1351.10000000", "quoteQty": "1287.59830000", "time": 1693114960043, "isBuyerMaker": true, "isBestMatch": true}, {"id": 32678167, "price": "0.95300000", "qty": "1153.80000000", "quoteQty": "1099.57140000", "time": 1693114960043, "isBuyerMaker": true, "isBestMatch": true}, {"id": 32678168, "price": "0.95300000", "qty": "686.50000000", "quoteQty": "654.23450000", "time": 1693114960043, "isBuyerMaker": true, "isBestMatch": true}, {"id": 32678169, "price": "0.95300000", "qty": "610.40000000", "quoteQty": "581.71120000", "time": 1693114960043, "isBuyerMaker": true, "isBestMatch": true}, {"id": 32678170, "price": "0.95300000", "qty": "314.00000000", "quoteQty": "299.24200000", "time": 1693114960043, "isBuyerMaker": true, "isBestMatch": true}, {"id": 32678171, "price": "0.95300000", "qty": "312.70000000", "quoteQty": "298.00310000", "time": 1693114960043, "isBuyerMaker": true, "isBestMatch": true}, {"id": 32678172, "price": "0.95290000", "qty": "22.10000000", "quoteQty": "21.05909000", "time": 1693114960043, "isBuyerMaker": true, "isBestMatch": true}, {"id": 32678173, "price": "0.95290000", "qty": "1844.00000000", "quoteQty": "1757.14760000", "time": 1693114960043, "isBuyerMaker": true, "isBestMatch": true}, {"id": 32678174, "price": "0.95290000", "qty": "1477.80000000", "quoteQty": "1408.19562000", "time": 1693114960043, "isBuyerMaker": true, "isBestMatch": true}, {"id": 32678175, "price": "0.95280000", "qty": "1600.00000000", "quoteQty": "1524.48000000", "time": 1693114960043, "isBuyerMaker": true, "isBestMatch": true}, {"id": 32678176, "price": "0.95280000", "qty": "2098.30000000", "quoteQty": "1999.26024000", "time": 1693114960043, "isBuyerMaker": true, "isBestMatch": true}, {"id": 32678177, "price": "0.95280000", "qty": "2098.30000000", "quoteQty": "1999.26024000", "time": 1693114960043, "isBuyerMaker": true, "isBestMatch": true}, {"id": 32678178, "price": "0.95280000", "qty": "1049.20000000", "quoteQty": "999.67776000", "time": 1693114960043, "isBuyerMaker": true, "isBestMatch": true}, {"id": 32678179, "price": "0.95280000", "qty": "24.00000000", "quoteQty": "22.86720000", "time": 1693114960043, "isBuyerMaker": true, "isBestMatch": true}, {"id": 32678180, "price": "0.95280000", "qty": "336.70000000", "quoteQty": "320.80776000", "time": 1693114960043, "isBuyerMaker": true, "isBestMatch": true}, {"id": 32678181, "price": "0.95280000", "qty": "1141.40000000", "quoteQty": "1087.52592000", "time": 1693114960043, "isBuyerMaker": true, "isBestMatch": true}, {"id": 32678182, "price": "0.95280000", "qty": "525.00000000", "quoteQty": "500.22000000", "time": 1693114960043, "isBuyerMaker": true, "isBestMatch": true}, {"id": 32678183, "price": "0.95270000", "qty": "131.10000000", "quoteQty": "124.89897000", "time": 1693114960043, "isBuyerMaker": true, "isBestMatch": true}, {"id": 32678184, "price": "0.95270000", "qty": "388.60000000", "quoteQty": "370.21922000", "time": 1693114960043, "isBuyerMaker": true, "isBestMatch": true}, {"id": 32678185, "price": "0.95270000", "qty": "400.00000000", "quoteQty": "381.08000000", "time": 1693114960043, "isBuyerMaker": true, "isBestMatch": true}, {"id": 32678186, "price": "0.95270000", "qty": "795.70000000", "quoteQty": "758.06339000", "time": 1693114960044, "isBuyerMaker": true, "isBestMatch": true}, {"id": 32678187, "price": "0.95270000", "qty": "33.00000000", "quoteQty": "31.43910000", "time": 1693114960044, "isBuyerMaker": true, "isBestMatch": true}, {"id": 32678188, "price": "0.95270000", "qty": "104.90000000", "quoteQty": "99.93823000", "time": 1693114960044, "isBuyerMaker": true, "isBestMatch": true}, {"id": 32678189, "price": "0.95270000", "qty": "915.90000000", "quoteQty": "872.57793000", "time": 1693114960044, "isBuyerMaker": true, "isBestMatch": true}, {"id": 32678190, "price": "0.95270000", "qty": "1350.50000000", "quoteQty": "1286.62135000", "time": 1693114960044, "isBuyerMaker": true, "isBestMatch": true}