[{"id": 32492152, "price": "1.00580000", "qty": "400.00000000", "quoteQty": "402.32000000", "time": 1692846186370, "isBuyerMaker": false, "isBestMatch": true}, {"id": 32492153, "price": "1.00580000", "qty": "270.00000000", "quoteQty": "271.56600000", "time": 1692846191568, "isBuyerMaker": false, "isBestMatch": true}, {"id": 32492154, "price": "1.00580000", "qty": "254.30000000", "quoteQty": "255.77494000", "time": 1692846191568, "isBuyerMaker": false, "isBestMatch": true}, {"id": 32492155, "price": "1.00580000", "qty": "882.20000000", "quoteQty": "887.31676000", "time": 1692846191568, "isBuyerMaker": false, "isBestMatch": true}, {"id": 32492156, "price": "1.00580000", "qty": "250.00000000", "quoteQty": "251.45000000", "time": 1692846191568, "isBuyerMaker": false, "isBestMatch": true}, {"id": 32492157, "price": "1.00580000", "qty": "184.00000000", "quoteQty": "185.06720000", "time": 1692846191568, "isBuyerMaker": false, "isBestMatch": true}, {"id": 32492158, "price": "1.00580000", "qty": "81.20000000", "quoteQty": "81.67096000", "time": 1692846191568, "isBuyerMaker": false, "isBestMatch": true}, {"id": 32492159, "price": "1.00590000", "qty": "512.60000000", "quoteQty": "515.62434000", "time": 1692846191568, "isBuyerMaker": false, "isBestMatch": true}, {"id": 32492160, "price": "1.00590000", "qty": "250.00000000", "quoteQty": "251.47500000", "time": 1692846191568, "isBuyerMaker": false, "isBestMatch": true}, {"id": 32492161, "price": "1.00590000", "qty": "263.20000000", "quoteQty": "264.75288000", "time": 1692846191568, "isBuyerMaker": false, "isBestMatch": true}, {"id": 32492162, "price": "1.00590000", "qty": "789.20000000", "quoteQty": "793.85628000", "time": 1692846191568, "isBuyerMaker": false, "isBestMatch": true}, {"id": 32492163, "price": "1.00590000", "qty": "90.20000000", "quoteQty": "90.73218000", "time": 1692846191568, "isBuyerMaker": false, "isBestMatch": true}, {"id": 32492164, "price": "1.00600000", "qty": "1372.90000000", "quoteQty": "1381.13740000", "time": 1692846191568, "isBuyerMaker": false, "isBestMatch": true}, {"id": 32492165, "price": "1.00600000", "qty": "1052.50000000", "quoteQty": "1058.81500000", "time": 1692846191568, "isBuyerMaker": false, "isBestMatch": true}, {"id": 32492166, "price": "1.00600000", "qty": "670.00000000", "quoteQty": "674.02000000", "time": 1692846191568, "isBuyerMaker": false, "isBestMatch": true}, {"id": 32492167, "price": "1.00600000", "qty": "497.10000000", "quoteQty": "500.08260000", "time": 1692846191568, "isBuyerMaker": false, "isBestMatch": true}, {"id": 32492168, "price": "1.00610000", "qty": "263.10000000", "quoteQty": "264.70491000", "time": 1692846191568, "isBuyerMaker": false, "isBestMatch": true}, {"id": 32492169, "price": "1.00610000", "qty": "267.30000000", "quoteQty": "268.93053000", "time": 1692846191568, "isBuyerMaker": false, "isBestMatch": true}, {"id": 32492170, "price": "1.00610000", "qty": "80.80000000", "quoteQty": "81.29288000", "time": 1692846191568, "isBuyerMaker": false, "isBestMatch": true}, {"id": 32492171, "price": "1.00610000", "qty": "540.40000000", "quoteQty": "543.69644000", "time": 1692846191568, "isBuyerMaker": false, "isBestMatch": true}, {"id": 32492172, "price": "1.00590000", "qty": "24.40000000", "quoteQty": "24.54396000", "time": 1692846193322, "isBuyerMaker": false, "isBestMatch": true}, {"id": 32492173, "price": "1.00580000", "qty": "263.60000000", "quoteQty": "265.12888000", "time": 1692846198215, "isBuyerMaker": true, "isBestMatch": true}, {"id": 32492174, "price": "1.00580000", "qty": "324.70000000", "quoteQty": "326.58326000", "time": 1692846198215, "isBuyerMaker": true, "isBestMatch": true}, {"id": 32492175, "price": "1.00580000", "qty": "801.30000000", "quoteQty": "805.94754000", "time": 1692846198215, "isBuyerMaker": true, "isBestMatch": true}, {"id": 32492176, "price": "1.00580000", "qty": "1074.20000000", "quoteQty": "1080.43036000", "time": 1692846198215, "isBuyerMaker": true, "isBestMatch": true}, {"id": 32492177, "price": "1.00580000", "qty": "670.00000000", "quoteQty": "673.88600000", "time": 1692846198215, "isBuyerMaker": true, "isBestMatch": true}, {"id": 32492178, "price": "1.00580000", "qty": "1898.90000000", "quoteQty": "1909.91362000", "time": 1692846198215, "isBuyerMaker": true, "isBestMatch": true}, {"id": 32492179, "price": "1.00580000", "qty": "88.70000000", "quoteQty": "89.21446000", "time": 1692846198215, "isBuyerMaker": true, "isBestMatch": true}, {"id": 32492180, "price": "1.00570000", "qty": "670.00000000", "quoteQty": "673.81900000", "time": 1692846198215, "isBuyerMaker": true, "isBestMatch": true}, {"id": 32492181, "price": "1.00570000", "qty": "250.00000000", "quoteQty": "251.42500000", "time": 1692846198215, "isBuyerMaker": true, "isBestMatch": true}, {"id": 32492182, "price": "1.00570000", "qty": "263.40000000", "quoteQty": "264.90138000", "time": 1692846198215, "isBuyerMaker": true, "isBestMatch": true}, {"id": 32492183, "price": "1.00570000", "qty": "2464.30000000", "quoteQty": "2478.34651000", "time": 1692846198215, "isBuyerMaker": true, "isBestMatch": true}, {"id": 32492184, "price": "1.00580000", "qty": "201.50000000", "quoteQty": "202.66870000", "time": 1692846200948, "isBuyerMaker": false, "isBestMatch": true}, {"id": 32492185, "price": "1.00570000", "qty": "84.00000000", "quoteQty": "84.47880000", "time": 1692846210400, "isBuyerMaker": true, "isBestMatch": true}, {"id": 32492186, "price": "1.00560000", "qty": "550.00000000", "quoteQty": "553.08000000", "time": 1692846225950, "isBuyerMaker": true, "isBestMatch": true}, {"id": 32492187, "price": "1.00560000", "qty": "215.10000000", "quoteQty": "216.30456000", "time": 1692846225950, "isBuyerMaker": true, "isBestMatch": true}, {"id": 32492188, "price": "1.00580000", "qty": "11.50000000", "quoteQty": "11.56670000", "time": 1692846245131, "isBuyerMaker": false, "isBestMatch": true}, {"id": 32492189, "price": "1.00580000", "qty": "55.10000000", "quoteQty": "55.41958000", "time": 1692846246706, "isBuyerMaker": false, "isBestMatch": true}, {"id": 32492190, "price": "1.00580000", "qty": "45.40000000", "quoteQty": "45.66332000", "time": 1692846249513, "isBuyerMaker": true, "isBestMatch": true}, {"id": 32492191, "price": "1.00580000", "qty": "240.50000000", "quoteQty": "241.89490000", "time": 1692846249513, "isBuyerMaker": true, "isBestMatch": true}, {"id": 32492192, "price": "1.00580000", "qty": "670.00000000", "quoteQty": "673.88600000", "time": 1692846249513, "isBuyerMaker": true, "isBestMatch": true}, {"id": 32492193, "price": "1.00580000", "qty": "299.20000000", "quoteQty": "300.93536000", "time": 1692846249513, "isBuyerMaker": true, "isBestMatch": true}, {"id": 32492194, "price": "1.00580000", "qty": "250.00000000", "quoteQty": "251.45000000", "time": 1692846249513, "isBuyerMaker": true, "isBestMatch": true}, {"id": 32492195, "price": "1.00570000", "qty": "240.50000000", "quoteQty": "241.87085000", "time": 1692846249513, "isBuyerMaker": true, "isBestMatch": true}, {"id": 32492196, "price": "1.00570000", "qty": "1365.00000000", "quoteQty": "1372.78050000", "time": 1692846249513, "isBuyerMaker": true, "isBestMatch": true}, {"id": 32492197, "price": "1.00570000", "qty": "467.20000000", "quoteQty": "469.86304000", "time": 1692846249513, "isBuyerMaker": true, "isBestMatch": true}, {"id": 32492198, "price": "1.00570000", "qty": "9.90000000", "quoteQty": "9.95643000", "time": 1692846263420, "isBuyerMaker": true, "isBestMatch": true}, {"id": 32492199, "price": "1.00580000", "qty": "29.80000000", "quoteQty": "29.97284000", "time": 1692846287285, "isBuyerMaker": false, "isBestMatch": true}, {"id": 32492200, "price": "1.00570000", "qty": "192.90000000", "quoteQty": "193.99953000", "time": 1692846289299, "isBuyerMaker": true, "isBestMatch": true}, {"id": 32492201, "price": "1.00570000", "qty": "233.40000000", "quoteQty": "234.73038000", "time": 1692846289299, "isBuyerMaker": true, "isBestMatch": true}, {"id": 32492202, "price": "1.00580000", "qty": "100.40000000", "quoteQty": "100.98232000", "time": 1692846305087, "isBuyerMaker": false, "isBestMatch": true}, {"id": 32492203, "price": "1.00580000", "qty": "374.50000000", "quoteQty": "376.67210000", "time": 1692846305588, "isBuyerMaker": false, "isBestMatch": true}, {"id": 32492204, "price": "1.00580000", "qty": "287.40000000", "quoteQty": "289.06692000", "time": 1692846305588, "isBuyerMaker": false, "isBestMatch": true}, {"id": 32492205, "price": "1.00620000", "qty": "17.00000000", "quoteQty": "17.10540000", "time": 1692846329233, "isBuyerMaker": false, "isBestMatch": true}, {"id": 32492206, "price": "1.00620000", "qty": "3.90000000", "quoteQty": "3.92418000", "time": 1692846329239, "isBuyerMaker": false, "isBestMatch": true}, {"id": 32492207, "price": "1.00620000", "qty": "324.70000000", "quoteQty": "326.71314000", "time": 1692846329239, "isBuyerMaker": false, "isBestMatch": true}, {"id": 32492208, "price": "1.00630000", "qty": "64.30000000", "quoteQty": "64.70509000", "time": 1692846331796, "isBuyerMaker": true, "isBestMatch": true}, {"id": 32492209, "price": "1.00630000", "qty": "198.70000000", "quoteQty": "199.95181000", "time": 1692846344287, "isBuyerMaker": true, "isBestMatch": true}, {"id": 32492210, "price": "1.00640000", "qty": "11.00000000", "quoteQty": "11.07040000", "time": 1692846354791, "isBuyerMaker": false, "isBestMatch": true}, {"id": 32492211, "price": "1.00630000", "qty": "9.90000000", "quoteQty": "9.96237000", "time": 1692846357342, "isBuyerMaker": true, "isBestMatch": true}, {"id": 32492212, "price": "1.00630000", "qty": "505.10000000", "quoteQty": "508.28213000", "time": 1692846383101, "isBuyerMaker": true, "isBestMatch": true}, {"id": 32492213, "price": "1.00630000", "qty": "687.90000000", "quoteQty": "692.23377000", "time": 1692846383101, "isBuyerMaker": true, "isBestMatch": true}, {"id": 32492214, "price": "1.00630000", "qty": "48.40000000", "quoteQty": "48.70492000", "time": 1692846387996, "isBuyerMaker": true, "isBestMatch": true}, {"id": 32492215, "price": "1.00620000", "qty": "324.60000000", "quoteQty": "326.61252000", "time": 1692846401695, "isBuyerMaker": false, "isBestMatch": true}, {"id": 32492216, "price": "1.00620000", "qty": "801.30000000", "quoteQty": "806.26806000", "time": 1692846401695, "isBuyerMaker": false, "isBestMatch": true}, {"id": 32492217, "price": "1.00620000", "qty": "815.00000000", "quoteQty": "820.05300000", "time": 1692846401695, "isBuyerMaker": false, "isBestMatch": true}, {"id": 32492218, "price": "1.00620000", "qty": "46.50000000", "quoteQty": "46.78830000", "time": 1692846401695, "isBuyerMaker": false, "isBestMatch": true}, {"id": 32492219, "price": "1.00620000", "qty": "54.70000000", "quoteQty": "55.03914000", "time": 1692846442423, "isBuyerMaker": false, "isBestMatch": true}, {"id": 32492220, "price": "1.00620000", "qty": "195.30000000", "quoteQty": "196.51086000", "time": 1692846488431, "isBuyerMaker": false, "isBestMatch": true}, {"id": 32492221, "price": "1.00620000", "qty": "604.70000000", "quoteQty": "608.44914000", "time": 1692846488431, "isBuyerMaker": false, "isBestMatch": true}, {"id": 32492222, "price": "1.00610000", "qty": "99.90000000", "quoteQty": "100.50939000", "time": 1692846506288, "isBuyerMaker": true, "isBestMatch": true}, {"id": 32492223, "price": "1.00620000", "qty": "13.50000000", "quoteQty": "13.58370000", "time": 1692846540263, "isBuyerMaker": false, "isBestMatch": true}, {"id": 32492224, "price": "1.00610000", "qty": "225.80000000", "quoteQty": "227.17738000", "time": 1692846544995, "isBuyerMaker": true, "isBestMatch": true}, {"id": 32492225, "price": "1.00610000", "qty": "250.00000000", "quoteQty": "251.52500000", "time": 1692846572635, "isBuyerMaker": true, "isBestMatch": true}, {"id": 32492226, "price": "1.00610000", "qty": "334.40000000", "quoteQty": "336.43984000", "time": 1692846572635, "isBuyerMaker": true, "isBestMatch": true}, {"id": 32492227, "price": "1.00620000", "qty": "306.40000000", "quoteQty": "308.29968000", "time": 1692846575228, "isBuyerMaker": false, "isBestMatch": true}, {"id": 32492228, "price": "1.00620000", "qty": "1673.00000000", "quoteQty": "1683.37260000", "time": 1692846575228, "isBuyerMaker": false, "isBestMatch": true}, {"id": 32492229, "price": "1.00620000", "qty": "192.00000000", "quoteQty": "193.19040000", "time": 1692846575228, "isBuyerMaker": false, "isBestMatch": true}, {"id": 32492230, "price": "1.00630000", "qty": "1200.00000000", "quoteQty": "1207.56000000", "time": 1692846575254, "isBuyerMaker": false, "isBestMatch": true}, {"id": 32492231, "price": "1.00630000", "qty": "239.70000000", "quoteQty": "241.21011000", "time": 1692846592334, "isBuyerMaker": false, "isBestMatch": true}, {"id": 32492232, "price": "1.00640000", "qty": "191.10000000", "quoteQty": "192.32304000", "time": 1692846630366, "isBuyerMaker": true, "isBestMatch": true}, {"id": 32492233, "price": "1.00640000", "qty": "83.20000000", "quoteQty": "83.73248000", "time": 1692846630366, "isBuyerMaker": true, "isBestMatch": true}, {"id": 32492234, "price": "1.00650000", "qty": "191.50000000", "quoteQty": "192.74475000", "time": 1692846634472, "isBuyerMaker": false, "isBestMatch": true}, {"id": 32492235, "price": "1.00650000", "qty": "544.50000000", "quoteQty": "548.03925000", "time": 1692846645452, "isBuyerMaker": false, "isBestMatch": true}, {"id": 32492236, "price": "1.00650000", "qty": "680.60000000", "quoteQty": "685.02390000", "time": 1692846645452, "isBuyerMaker": false, "isBestMatch": true}, {"id": 32492237, "price": "1.00650000", "qty": "250.00000000", "quoteQty": "251.62500000", "time": 1692846645452, "isBuyerMaker": false, "isBestMatch": true}, {"id": 32492238, "price": "1.00660000", "qty": "1986.80000000", "quoteQty": "1999.91288000", "time": 1692846645452, "isBuyerMaker": false, "isBestMatch": true}, {"id": 32492239, "price": "1.00660000", "qty": "146.90000000", "quoteQty": "147.86954000", "time": 1692846645452, "isBuyerMaker": false, "isBestMatch": true}, {"id": 32492240, "price": "1.00670000", "qty": "191.10000000", "quoteQty": "192.38037000", "time": 1692846672998, "isBuyerMaker": true, "isBestMatch": true}, {"id": 32492241, "price": "1.00670000", "qty": "58.90000000", "quoteQty": "59.29463000", "time": 1692846673066, "isBuyerMaker": true, "isBestMatch": true}, {"id": 32492242, "price": "1.00670000", "qty": "35.20000000", "quoteQty": "35.43584000", "time": 1692846673066, "isBuyerMaker": true, "isBestMatch": true}, {"id": 32492243, "price": "1.00670000", "qty": "17.30000000", "quoteQty": "17.41591000", "time": 1692846693435, "isBuyerMaker": false, "isBestMatch": true}, {"id": 32492244, "price": "1.00670000", "qty": "223.10000000", "quoteQty": "224.59477000", "time": 1692846704150, "isBuyerMaker": false, "isBestMatch": true}, {"id": 32492245, "price": "1.00670000", "qty": "271.60000000", "quoteQty": "273.41972000", "time": 1692846704150, "isBuyerMaker": false, "isBestMatch": true}, {"id": 32492246, "price": "1.00670000", "qty": "320.90000000", "quoteQty": "323.05003000", "time": 1692846704150, "isBuyerMaker": false, "isBestMatch": true}, {"id": 32492247, "price": "1.00660000", "qty": "250.00000000", "quoteQty": "251.65000000", "time": 1692846705549, "isBuyerMaker": true, "isBestMatch": true}, {"id": 32492248, "price": "1.00660000", "qty": "800.00000000", "quoteQty": "805.28000000", "time": 1692846705549, "isBuyerMaker": true, "isBestMatch": true}, {"id": 32492249, "price": "1.00660000", "qty": "1200.00000000", "quoteQty": "1207.92000000", "time": 1692846705549, "isBuyerMaker": true, "isBestMatch": true}, {"id": 32492250, "price": "1.00660000", "qty": "250.00000000", "quoteQty": "251.65000000", "time": 1692846705549, "isBuyerMaker": true, "isBestMatch": true}, {"id": 32492251, "price": "1.00660000", "qty": "207.80000000", "quoteQty": "209.17148000", "time": 1692846705549, "isBuyerMaker": true, "isBestMatch": true}, {"id": 32492252, "price": "1.00650000", "qty": "275.20000000", "quoteQty": "276.98880000", "time": 1692846705549, "isBuyerMaker": true, "isBestMatch": true}, {"id": 32492253, "price": "1.00660000", "qty": "45.60000000", "quoteQty": "45.90096000", "time": 1692846709977, "isBuyerMaker": false, "isBestMatch": true}, {"id": 32492254, "price": "1.00660000", "qty": "29.70000000", "quoteQty": "29.89602000", "time": 1692846733266, "isBuyerMaker": false, "isBestMatch": true}, {"id": 32492255, "price": "1.00660000", "qty": "455.50000000", "quoteQty": "458.50630000", "time": 1692846734421, "isBuyerMaker": false, "isBestMatch": true}, {"id": 32492256, "price": "1.00650000", "qty": "11.40000000", "quoteQty": "11.47410000", "time": 1692846743525, "isBuyerMaker": true, "isBestMatch": true}, {"id": 32492257, "price": "1.00670000", "qty": "191.10000000", "quoteQty": "192.38037000", "time": 1692846752091, "isBuyerMaker": false, "isBestMatch": true}, {"id": 32492258, "price": "1.00670000", "qty": "25.20000000", "quoteQty": "25.36884000", "time": 1692846755436, "isBuyerMaker": false, "isBestMatch": true}, {"id": 32492259, "price": "1.00680000", "qty": "20.90000000", "quoteQty": "21.04212000", "time": 1692846755484, "isBuyerMaker": false, "isBestMatch": true}, {"id": 32492260, "price": "1.00700000", "qty": "125.00000000", "quoteQty": "125.87500000", "time": 1692846759244, "isBuyerMaker": false, "isBestMatch": true}, {"id": 32492261, "price": "1.00690000", "qty": "324.40000000", "quoteQty": "326.63836000", "time": 1692846768605, "isBuyerMaker": true, "isBestMatch": true}, {"id": 32492262, "price": "1.00690000", "qty": "772.00000000", "quoteQty": "777.32680000", "time": 1692846768605, "isBuyerMaker": true, "isBestMatch": true}, {"id": 32492263, "price": "1.00690000", "qty": "1119.60000000", "quoteQty": "1127.32524000", "time": 1692846768605, "isBuyerMaker": true, "isBestMatch": true}, {"id": 32492264, "price": "1.00710000", "qty": "12.00000000", "quoteQty": "12.08520000", "time": 1692846779812, "isBuyerMaker": false, "isBestMatch": true}, {"id": 32492265, "price": "1.00720000", "qty": "302.60000000", "quoteQty": "304.77872000", "time": 1692846781910, "isBuyerMaker": true, "isBestMatch": true}, {"id": 32492266, "price": "1.00730000", "qty": "125.00000000", "quoteQty": "125.91250000", "time": 1692846828307, "isBuyerMaker": false, "isBestMatch": true}, {"id": 32492267, "price": "1.00730000", "qty": "1106.50000000", "quoteQty": "1114.57745000", "time": 1692846828325, "isBuyerMaker": false, "isBestMatch": true}, {"id": 32492268, "price": "1.00730000", "qty": "270.20000000", "quoteQty": "272.17246000", "time": 1692846828325, "isBuyerMaker": false, "isBestMatch": true}, {"id": 32492269, "price": "1.00740000", "qty": "20.90000000", "quoteQty": "21.05466000", "time": 1692846849031, "isBuyerMaker": false, "isBestMatch": true}, {"id": 32492270, "price": "1.00740000", "qty": "379.10000000", "quoteQty": "381.90534000", "time": 1692846849031, "isBuyerMaker": false, "isBestMatch": true}, {"id": 32492271, "price": "1.00740000", "qty": "476.20000000", "quoteQty": "479.72388000", "time": 1692846849045, "isBuyerMaker": false, "isBestMatch": true}, {"id": 32492272, "price": "1.00740000", "qty": "191.10000000", "quoteQty": "192.51414000", "time": 1692846849100, "isBuyerMaker": false, "isBestMatch": true}, {"id": 32492273, "price": "1.00740000", "qty": "180.60000000", "quoteQty": "181.93644000", "time": 1692846849101, "isBuyerMaker": false, "isBestMatch": true}, {"id": 32492274, "price": "1.00750000", "qty": "10.50000000", "quoteQty": "10.57875000", "time": 1692846849255, "isBuyerMaker": true, "isBestMatch": true}, {"id": 32492275, "price": "1.00750000", "qty": "2.40000000", "quoteQty": "2.41800000", "time": 1692846849255, "isBuyerMaker": true, "isBestMatch": true}, {"id": 32492276, "price": "1.00750000", "qty": "12.10000000", "quoteQty": "12.19075000", "time": 1692846852679, "isBuyerMaker": true, "isBestMatch": true}, {"id": 32492277, "price": "1.00750000", "qty": "758.90000000", "quoteQty": "764.59175000", "time": 1692846864599, "isBuyerMaker": true, "isBestMatch": true}, {"id": 32492278, "price": "1.00750000", "qty": "250.00000000", "quoteQty": "251.87500000", "time": 1692846864599, "isBuyerMaker": true, "isBestMatch": true}, {"id": 32492279, "price": "1.00750000", "qty": "189.00000000", "quoteQty": "190.41750000", "time": 1692846864599, "isBuyerMaker": true, "isBestMatch": true}, {"id": 32492280, "price": "1.00750000", "qty": "1301.30000000", "quoteQty": "1311.05975000", "time": 1692846864599, "isBuyerMaker": true, "isBestMatch": true}, {"id": 32492281, "price": "1.00750000", "qty": "53.60000000", "quoteQty": "54.00200000", "time": 1692846864599, "isBuyerMaker": true, "isBestMatch": true}, {"id": 32492282, "price": "1.00750000", "qty": "550.00000000", "quoteQty": "554.12500000", "time": 1692846864599, "isBuyerMaker": true, "isBestMatch": true}, {"id": 32492283, "price": "1.00750000", "qty": "350.80000000", "quoteQty": "353.43100000", "time": 1692846864599, "isBuyerMaker": true, "isBestMatch": true}, {"id": 32492284, "price": "1.00760000", "qty": "1600.00000000", "quoteQty": "1612.16000000", "time": 1692846884649, "isBuyerMaker": false, "isBestMatch": true}, {"id": 32492285, "price": "1.00760000", "qty": "3200.00000000", "quoteQty": "3224.32000000", "time": 1692846884650, "isBuyerMaker": false, "isBestMatch": true}, {"id": 32492286, "price": "1.00760000", "qty": "1394.70000000", "quoteQty": "1405.29972000", "time": 1692846884651, "isBuyerMaker": false, "isBestMatch": true}, {"id": 32492287, "price": "1.00760000", "qty": "920.40000000", "quoteQty": "927.39504000", "time": 1692846884651, "isBuyerMaker": false, "isBestMatch": true}, {"id": 32492288, "price": "1.00770000", "qty": "20.90000000", "quoteQty": "21.06093000", "time": 1692846884661, "isBuyerMaker": false, "isBestMatch": true}, {"id": 32492289, "price": "1.00770000", "qty": "250.00000000", "quoteQty": "251.92500000", "time": 1692846884661, "isBuyerMaker": false, "isBestMatch": true}, {"id": 32492290, "price": "1.00780000", "qty": "1085.40000000", "quoteQty": "1093.86612000", "time": 1692846884661, "isBuyerMaker": false, "isBestMatch": true}, {"id": 32492291, "price": "1.00780000", "qty": "1368.40000000", "quoteQty": "1379.07352000", "time": 1692846884661, "isBuyerMaker": false, "isBestMatch": true}, {"id": 32492292, "price": "1.00780000", "qty": "471.00000000", "quoteQty": "474.67380000", "time": 1692846884662, "isBuyerMaker": false, "isBestMatch": true}, {"id": 32492293, "price": "1.00790000", "qty": "4.30000000", "quoteQty": "4.33397000", "time": 1692846884662, "isBuyerMaker": false, "isBestMatch": true}, {"id": 32492294, "price": "1.00780000", "qty": "12.60000000", "quoteQty": "12.69828000", "time": 1692846886845, "isBuyerMaker": true, "isBestMatch": true}, {"id": 32492295, "price": "1.00780000", "qty": "407.00000000", "quoteQty": "410.17460000", "time": 1692846901749, "isBuyerMaker": true, "isBestMatch": true}, {"id": 32492296, "price": "1.00780000", "qty": "191.10000000", "quoteQty": "192.59058000", "time": 1692846901749, "isBuyerMaker": true, "isBestMatch": true}, {"id": 32492297, "price": "1.00780000", "qty": "1111.20000000", "quoteQty": "1119.86736000", "time": 1692846901749, "isBuyerMaker": true, "isBestMatch": true}, {"id": 32492298, "price": "1.00780000", "qty": "191.10000000", "quoteQty": "192.59058000", "time": 1692846901750, "isBuyerMaker": true, "isBestMatch": true}, {"id": 32492299, "price": "1.00780000", "qty": "1408.90000000", "quoteQty": "1419.88942000", "time": 1692846901751, "isBuyerMaker": true, "isBestMatch": true}, {"id": 32492300, "price": "1.00780000", "qty": "217.60000000", "quoteQty": "219.29728000", "time": 1692846901751, "isBuyerMaker": true, "isBestMatch": true}, {"id": 32492301, "price": "1.00780000", "qty": "0.90000000", "quoteQty": "0.90702000", "time": 1692846901751, "isBuyerMaker": true, "isBestMatch": true}, {"id": 32492302, "price": "1.00780000", "qty": "32.20000000", "quoteQty": "32.45116000", "time": 1692846901751, "isBuyerMaker": true, "isBestMatch": true}, {"id": 32492303, "price": "1.00740000", "qty": "250.00000000", "quoteQty": "251.85000000", "time": 1692846902143, "isBuyerMaker": true, "isBestMatch": true}, {"id": 32492304, "price": "1.00730000", "qty": "771.00000000", "quoteQty": "776.62830000", "time": 1692846902203, "isBuyerMaker": true, "isBestMatch": true}, {"id": 32492305, "price": "1.00730000", "qty": "250.00000000", "quoteQty": "251.82500000", "time": 1692846902203, "isBuyerMaker": true, "isBestMatch": true}, {"id": 32492306, "price": "1.00730000", "qty": "561.10000000", "quoteQty": "565.19603000", "time": 1692846902203, "isBuyerMaker": true, "isBestMatch": true}, {"id": 32492307, "price": "1.00740000", "qty": "86.70000000", "quoteQty": "87.34158000", "time": 1692846908350, "isBuyerMaker": false, "isBestMatch": true}, {"id": 32492308, "price": "1.00740000", "qty": "247.80000000", "quoteQty": "249.63372000", "time": 1692846933439, "isBuyerMaker": false, "isBestMatch": true}, {"id": 32492309, "price": "1.00740000", "qty": "324.00000000", "quoteQty": "326.39760000", "time": 1692846933439, "isBuyerMaker": false, "isBestMatch": true}, {"id": 32492310, "price": "1.00740000", "qty": "271.50000000", "quoteQty": "273.50910000", "time": 1692846933439, "isBuyerMaker": false, "isBestMatch": true}, {"id": 32492311, "price": "1.00740000", "qty": "257.00000000", "quoteQty": "258.90180000", "time": 1692846933439, "isBuyerMaker": false, "isBestMatch": true}, {"id": 32492312, "price": "1.00750000", "qty": "272.00000000", "quoteQty": "274.04000000", "time": 1692846933440, "isBuyerMaker": false, "isBestMatch": true}, {"id": 32492313, "price": "1.00750000", "qty": "327.10000000", "quoteQty": "329.55325000", "time": 1692846933440, "isBuyerMaker": false, "isBestMatch": true}, {"id": 32492314, "price": "1.00750000", "qty": "305.60000000", "quoteQty": "307.89200000", "time": 1692846933440, "isBuyerMaker": false, "isBestMatch": true}, {"id": 32492315, "price": "1.00760000", "qty": "19.90000000", "quoteQty": "20.05124000", "time": 1692846941034, "isBuyerMaker": false, "isBestMatch": true}, {"id": 32492316, "price": "1.00780000", "qty": "60.00000000", "quoteQty": "60.46800000", "time": 1692846977340, "isBuyerMaker": false, "isBestMatch": true}, {"id": 32492317, "price": "1.00780000", "qty": "12.30000000", "quoteQty": "12.39594000", "time": 1692846977340, "isBuyerMaker": false, "isBestMatch": true}, {"id": 32492318, "price": "1.00780000", "qty": "264.80000000", "quoteQty": "266.86544000", "time": 1692846977340, "isBuyerMaker": false, "isBestMatch": true}, {"id": 32492319, "price": "1.00790000", "qty": "191.10000000", "quoteQty": "192.60969000", "time": 1692846982916, "isBuyerMaker": false, "isBestMatch": true}, {"id": 32492320, "price": "1.00790000", "qty": "16.10000000", "quoteQty": "16.22719000", "time": 1692846982918, "isBuyerMaker": false, "isBestMatch": true}, {"id": 32492321, "price": "1.00790000", "qty": "175.00000000", "quoteQty": "176.38250000", "time": 1692846982918, "isBuyerMaker": false, "isBestMatch": true}, {"id": 32492322, "price": "1.00800000", "qty": "91.90000000", "quoteQty": "92.63520000", "time": 1692847007545, "isBuyerMaker": false, "isBestMatch": true}, {"id": 32492323, "price": "1.00800000", "qty": "20.90000000", "quoteQty": "21.06720000", "time": 1692847007545, "isBuyerMaker": false, "isBestMatch": true}, {"id": 32492324, "price": "1.00800000", "qty": "846.00000000", "quoteQty": "852.76800000", "time": 1692847007545, "isBuyerMaker": false, "isBestMatch": true}, {"id": 32492325, "price": "1.00800000", "qty": "276.80000000", "quoteQty": "279.01440000", "time": 1692847007545, "isBuyerMaker": false, "isBestMatch": true}, {"id": 32492326, "price": "1.00800000", "qty": "250.00000000", "quoteQty": "252.00000000", "time": 1692847007545, "isBuyerMaker": false, "isBestMatch": true}, {"id": 32492327, "price": "1.00810000", "qty": "12.90000000", "quoteQty": "13.00449000", "time": 1692847007659, "isBuyerMaker": true, "isBestMatch": true}, {"id": 32492328, "price": "1.00810000", "qty": "18.50000000", "quoteQty": "18.64985000", "time": 1692847019791, "isBuyerMaker": true, "isBestMatch": true}, {"id": 32492329, "price": "1.00810000", "qty": "292.80000000", "quoteQty": "295.17168000", "time": 1692847020090, "isBuyerMaker": true, "isBestMatch": true}, {"id": 32492330, "price": "1.00810000", "qty": "846.00000000", "quoteQty": "852.85260000", "time": 1692847020090, "isBuyerMaker": true, "isBestMatch": true}, {"id": 32492331, "price": "1.00810000", "qty": "1292.60000000", "quoteQty": "1303.07006000", "time": 1692847020090, "isBuyerMaker": true, "isBestMatch": true}, {"id": 32492332, "price": "1.00810000", "qty": "57.50000000", "quoteQty": "57.96575000", "time": 1692847020090, "isBuyerMaker": true, "isBestMatch": true}, {"id": 32492333, "price": "1.00810000", "qty": "193.80000000", "quoteQty": "195.36978000", "time": 1692847038588, "isBuyerMaker": true, "isBestMatch": true}, {"id": 32492334, "price": "1.00810000", "qty": "43.10000000", "quoteQty": "43.44911000", "time": 1692847038588, "isBuyerMaker": true, "isBestMatch": true}, {"id": 32492335, "price": "1.00810000", "qty": "13.10000000", "quoteQty": "13.20611000", "time": 1692847038588, "isBuyerMaker": true, "isBestMatch": true}, {"id": 32492336, "price": "1.00810000", "qty": "191.10000000", "quoteQty": "192.64791000", "time": 1692847038592, "isBuyerMaker": true, "isBestMatch": true}, {"id": 32492337, "price": "1.00810000", "qty": "99.10000000", "quoteQty": "99.90271000", "time": 1692847062128, "isBuyerMaker": false, "isBestMatch": true}, {"id": 32492338, "price": "1.00800000", "qty": "11.40000000", "quoteQty": "11.49120000", "time": 1692847096937, "isBuyerMaker": true, "isBestMatch": true}, {"id": 32492339, "price": "1.00810000", "qty": "888.00000000", "quoteQty": "895.19280000", "time": 1692847136870, "isBuyerMaker": false, "isBestMatch": true}, {"id": 32492340, "price": "1.00810000", "qty": "250.00000000", "quoteQty": "252.02500000", "time": 1692847136870, "isBuyerMaker": false, "isBestMatch": true}, {"id": 32492341, "price": "1.00810000", "qty": "230.20000000", "quoteQty": "232.06462000", "time": 1692847136870, "isBuyerMaker": false, "isBestMatch": true}, {"id": 32492342, "price": "1.00830000", "qty": "400.00000000", "quoteQty": "403.32000000", "time": 1692847136877, "isBuyerMaker": false, "isBestMatch": true}, {"id": 32492343, "price": "1.00830000", "qty": "101.00000000", "quoteQty": "101.83830000", "time": 1692847145355, "isBuyerMaker": false, "isBestMatch": true}, {"id": 32492344, "price": "1.00830000", "qty": "25.20000000", "quoteQty": "25.40916000", "time": 1692847163980, "isBuyerMaker": false, "isBestMatch": true}, {"id": 32492345, "price": "1.00820000", "qty": "84.30000000", "quoteQty": "84.99126000", "time": 1692847201649, "isBuyerMaker": true, "isBestMatch": true}, {"id": 32492346, "price": "1.00820000", "qty": "418.20000000", "quoteQty": "421.62924000", "time": 1692847212145, "isBuyerMaker": true, "isBestMatch": true}, {"id": 32492347, "price": "1.00820000", "qty": "759.10000000", "quoteQty": "765.32462000", "time": 1692847212263, "isBuyerMaker": true, "isBestMatch": true}, {"id": 32492348, "price": "1.00820000", "qty": "1029.00000000", "quoteQty": "1037.43780000", "time": 1692847225190, "isBuyerMaker": true, "isBestMatch": true}, {"id": 32492349, "price": "1.00820000", "qty": "47.50000000", "quoteQty": "47.88950000", "time": 1692847225190, "isBuyerMaker": true, "isBestMatch": true}, {"id": 32492350, "price": "1.00820000", "qty": "82.00000000", "quoteQty": "82.67240000", "time": 1692847225190, "isBuyerMaker": true, "isBestMatch": true}, {"id": 32492351, "price": "1.00820000", "qty": "227.60000000", "quoteQty": "229.46632000", "time": 1692847225190, "isBuyerMaker": true, "isBestMatch": true}, {"id": 32492352, "price": "1.00820000", "qty": "95.00000000", "quoteQty": "95.77900000", "time": 1692847225190, "isBuyerMaker": true, "isBestMatch": true}, {"id": 32492353, "price": "1.00820000", "qty": "268.40000000", "quoteQty": "270.60088000", "time": 1692847238244, "isBuyerMaker": true, "isBestMatch": true}, {"id": 32492354, "price": "1.00820000", "qty": "142.90000000", "quoteQty": "144.07178000", "time": 1692847238244, "isBuyerMaker": true, "isBestMatch": true}, {"id": 32492355, "price": "1.00830000", "qty": "11.40000000", "quoteQty": "11.49462000", "time": 1692847238984, "isBuyerMaker": false, "isBestMatch": true}, {"id": 32492356, "price": "1.00830000", "qty": "406.40000000", "quoteQty": "409.77312000", "time": 1692847258681, "isBuyerMaker": false, "isBestMatch": true}, {"id": 32492357, "price": "1.00830000", "qty": "2031.30000000", "quoteQty": "2048.15979000", "time": 1692847263190, "isBuyerMaker": false, "isBestMatch": true}, {"id": 32492358, "price": "1.00830000", "qty": "112.50000000", "quoteQty": "113.43375000", "time": 1692847263190, "isBuyerMaker": false, "isBestMatch": true}, {"id": 32492359, "price": "1.00830000", "qty": "20.90000000", "quoteQty": "21.07347000", "time": 1692847263190, "isBuyerMaker": false, "isBestMatch": true}, {"id": 32492360, "price": "1.00830000", "qty": "226.00000000", "quoteQty": "227.87580000", "time": 1692847263190, "isBuyerMaker": false, "isBestMatch": true}, {"id": 32492361, "price": "1.00850000", "qty": "237.90000000", "quoteQty": "239.92215000", "time": 1692847263408, "isBuyerMaker": false, "isBestMatch": true}, {"id": 32492362, "price": "1.00860000", "qty": "400.00000000", "quoteQty": "403.44000000", "time": 1692847265028, "isBuyerMaker": false, "isBestMatch": true}, {"id": 32492363, "price": "1.00860000", "qty": "20.90000000", "quoteQty": "21.07974000", "time": 1692847275694, "isBuyerMaker": false, "isBestMatch": true}, {"id": 32492364, "price": "1.00860000", "qty": "124.70000000", "quoteQty": "125.77242000", "time": 1692847275736, "isBuyerMaker": true, "isBestMatch": true}, {"id": 32492365, "price": "1.00870000", "qty": "12.90000000", "quoteQty": "13.01223000", "time": 1692847275853, "isBuyerMaker": true, "isBestMatch": true}, {"id": 32492366, "price": "1.00870000", "qty": "311.00000000", "quoteQty": "313.70570000", "time": 1692847298022, "isBuyerMaker": true, "isBestMatch": true}, {"id": 32492367, "price": "1.00870000", "qty": "801.30000000", "quoteQty": "808.27131000", "time": 1692847298022, "isBuyerMaker": true, "isBestMatch": true}, {"id": 32492368, "price": "1.00870000", "qty": "881.00000000", "quoteQty": "888.66470000", "time": 1692847298022, "isBuyerMaker": true, "isBestMatch": true}, {"id": 32492369, "price": "1.00870000", "qty": "736.20000000", "quoteQty": "742.60494000", "time": 1692847298022, "isBuyerMaker": true, "isBestMatch": true}, {"id": 32492370, "price": "1.00880000", "qty": "250.00000000", "quoteQty": "252.20000000", "time": 1692847308352, "isBuyerMaker": false, "isBestMatch": true}, {"id": 32492371, "price": "1.00880000", "qty": "463.20000000", "quoteQty": "467.27616000", "time": 1692847308352, "isBuyerMaker": false, "isBestMatch": true}, {"id": 32492372, "price": "1.00870000", "qty": "108.20000000", "quoteQty": "109.14134000", "time": 1692847312757, "isBuyerMaker": true, "isBestMatch": true}, {"id": 32492373, "price": "1.00880000", "qty": "417.80000000", "quoteQty": "421.47664000", "time": 1692847317152, "isBuyerMaker": false, "isBestMatch": true}, {"id": 32492374, "price": "1.00880000", "qty": "2556.00000000", "quoteQty": "2578.49280000", "time": 1692847317152, "isBuyerMaker": false, "isBestMatch": true}, {"id": 32492375, "price": "1.00880000", "qty": "800.00000000", "quoteQty": "807.04000000", "time": 1692847323072, "isBuyerMaker": false, "isBestMatch": true}, {"id": 32492376, "price": "1.00880000", "qty": "1603.20000000", "quoteQty": "1617.30816000", "time": 1692847323074, "isBuyerMaker": false, "isBestMatch": true}, {"id": 32492377, "price": "1.00880000", "qty": "20.90000000", "quoteQty": "21.08392000", "time": 1692847323074, "isBuyerMaker": false, "isBestMatch": true}, {"id": 32492378, "price": "1.00880000", "qty": "412.80000000", "quoteQty": "416.43264000", "time": 1692847323074, "isBuyerMaker": false, "isBestMatch": true}, {"id": 32492379, "price": "1.00880000", "qty": "205.00000000", "quoteQty": "206.80400000", "time": 1692847323074, "isBuyerMaker": false, "isBestMatch": true}, {"id": 32492380, "price": "1.00890000", "qty": "24.80000000", "quoteQty": "25.02072000", "time": 1692847333498, "isBuyerMaker": false, "isBestMatch": true}, {"id": 32492381, "price": "1.00890000", "qty": "881.00000000", "quoteQty": "888.84090000", "time": 1692847333498, "isBuyerMaker": false, "isBestMatch": true}, {"id": 32492382, "price": "1.00890000", "qty": "250.00000000", "quoteQty": "252.22500000", "time": 1692847333498, "isBuyerMaker": false, "isBestMatch": true}, {"id": 32492383, "price": "1.00890000", "qty": "191.00000000", "quoteQty": "192.69990000", "time": 1692847333498, "isBuyerMaker": false, "isBestMatch": true}, {"id": 32492384, "price": "1.00900000", "qty": "37.00000000", "quoteQty": "37.33300000", "time": 1692847333498, "isBuyerMaker": false, "isBestMatch": true}, {"id": 32492385, "price": "1.00900000", "qty": "1023.30000000", "quoteQty": "1032.50970000", "time": 1692847333498, "isBuyerMaker": false, "isBestMatch": true}, {"id": 32492386, "price": "1.00900000", "qty": "350.30000000", "quoteQty": "353.45270000", "time": 1692847333498, "isBuyerMaker": false, "isBestMatch": true}, {"id": 32492387, "price": "1.00890000", "qty": "33.60000000", "quoteQty": "33.89904000", "time": 1692847333809, "isBuyerMaker": true, "isBestMatch": true}, {"id": 32492388, "price": "1.00900000", "qty": "25.10000000", "quoteQty": "25.32590000", "time": 1692847339111, "isBuyerMaker": false, "isBestMatch": true}, {"id": 32492389, "price": "1.00890000", "qty": "250.00000000", "quoteQty": "252.22500000", "time": 1692847379788, "isBuyerMaker": true, "isBestMatch": true}, {"id": 32492390, "price": "1.00890000", "qty": "453.70000000", "quoteQty": "457.73793000", "time": 1692847379788, "isBuyerMaker": true, "isBestMatch": true}, {"id": 32492391, "price": "1.00890000", "qty": "188.30000000", "quoteQty": "189.97587000", "time": 1692847379949, "isBuyerMaker": true, "isBestMatch": true}, {"id": 32492392, "price": "1.00890000", "qty": "2.80000000", "quoteQty": "2.82492000", "time": 1692847379949, "isBuyerMaker": true, "isBestMatch": true}, {"id": 32492393, "price": "1.00890000", "qty": "45.40000000", "quoteQty": "45.80406000", "time": 1692847379950, "isBuyerMaker": true, "isBestMatch": true}, {"id": 32492394, "price": "1.00880000", "qty": "95.70000000", "quoteQty": "96.54216000", "time": 1692847383956, "isBuyerMaker": false, "isBestMatch": true}, {"id": 32492395, "price": "1.00870000", "qty": "14.80000000", "quoteQty": "14.92876000", "time": 1692847400551, "isBuyerMaker": false, "isBestMatch": true}, {"id": 32492396, "price": "1.00860000", "qty": "31.80000000", "quoteQty": "32.07348000", "time": 1692847429469, "isBuyerMaker": true, "isBestMatch": true}, {"id": 32492397, "price": "1.00870000", "qty": "163.20000000", "quoteQty": "164.61984000", "time": 1692847460835, "isBuyerMaker": true, "isBestMatch": true}, {"id": 32492398, "price": "1.00870000", "qty": "226.80000000", "quoteQty": "228.77316000", "time": 1692847460835, "isBuyerMaker": true, "isBestMatch": true}, {"id": 32492399, "price": "1.00870000", "qty": "1600.00000000", "quoteQty": "1613.92000000", "time": 1692847478114, "isBuyerMaker": true, "isBestMatch": true}, {"id": 32492400, "price": "1.00870000", "qty": "580.00000000", "quoteQty": "585.04600000", "time": 1692847478114, "isBuyerMaker": true, "isBestMatch": true}, {"id": 32492401, "price": "1.00880000", "qty": "30.00000000", "quoteQty": "30.26400000", "time": 1692847485040, "isBuyerMaker": false, "isBestMatch": true}, {"id": 32492402, "price": "1.00870000", "qty": "145.00000000", "quoteQty": "146.26150000", "time": 1692847488891, "isBuyerMaker": true, "isBestMatch": true}, {"id": 32492403, "price": "1.00870000", "qty": "13.10000000", "quoteQty": "13.21397000", "time": 1692847488891, "isBuyerMaker": true, "isBestMatch": true}, {"id": 32492404, "price": "1.00870000", "qty": "170.60000000", "quoteQty": "172.08422000", "time": 1692847488891, "isBuyerMaker": true, "isBestMatch": true}, {"id": 32492405, "price": "1.00860000", "qty": "72.90000000", "quoteQty": "73.52694000", "time": 1692847489558, "isBuyerMaker": false, "isBestMatch": true}, {"id": 32492406, "price": "1.00860000", "qty": "30.40000000", "quoteQty": "30.66144000", "time": 1692847529371, "isBuyerMaker": false, "isBestMatch": true}, {"id": 32492407, "price": "1.00850000", "qty": "49.60000000", "quoteQty": "50.02160000", "time": 1692847536846, "isBuyerMaker": true, "isBestMatch": true}, {"id": 32492408, "price": "1.00850000", "qty": "284.70000000", "quoteQty": "287.11995000", "time": 1692847536846, "isBuyerMaker": true, "isBestMatch": true}, {"id": 32492409, "price": "1.00840000", "qty": "205.20000000", "quoteQty": "206.92368000", "time": 1692847539233, "isBuyerMaker": false, "isBestMatch": true}, {"id": 32492410, "price": "1.00840000", "qty": "118.60000000", "quoteQty": "119.59624000", "time": 1692847539942, "isBuyerMaker": false, "isBestMatch": true}, {"id": 32492411, "price": "1.00840000", "qty": "255.90000000", "quoteQty": "258.04956000", "time": 1692847539942, "isBuyerMaker": false, "isBestMatch": true}, {"id": 32492412, "price": "1.00840000", "qty": "460.50000000", "quoteQty": "464.36820000", "time": 1692847539942, "isBuyerMaker": false, "isBestMatch": true}, {"id": 32492413, "price": "1.00830000", "qty": "28.30000000", "quoteQty": "28.53489000", "time": 1692847541718, "isBuyerMaker": true, "isBestMatch": true}, {"id": 32492414, "price": "1.00830000", "qty": "800.00000000", "quoteQty": "806.64000000", "time": 1692847545895, "isBuyerMaker": true, "isBestMatch": true}, {"id": 32492415, "price": "1.00830000", "qty": "200.80000000", "quoteQty": "202.46664000", "time": 1692847545895, "isBuyerMaker": true, "isBestMatch": true}, {"id": 32492416, "price": "1.00820000", "qty": "252.70000000", "quoteQty": "254.77214000", "time": 1692847556359, "isBuyerMaker": true, "isBestMatch": true}, {"id": 32492417, "price": "1.00830000", "qty": "22.20000000", "quoteQty": "22.38426000", "time": 1692847605894, "isBuyerMaker": false, "isBestMatch": true}, {"id": 32492418, "price": "1.00830000", "qty": "14.30000000", "quoteQty": "14.41869000", "time": 1692847615446, "isBuyerMaker": false, "isBestMatch": true}, {"id": 32492419, "price": "1.00830000", "qty": "19.80000000", "quoteQty": "19.96434000", "time": 1692847619693, "isBuyerMaker": false, "isBestMatch": true}, {"id": 32492420, "price": "1.00830000", "qty": "56.80000000", "quoteQty": "57.27144000", "time": 1692847619693, "isBuyerMaker": false, "isBestMatch": true}, {"id": 32492421, "price": "1.00850000", "qty": "400.00000000", "quoteQty": "403.40000000", "time": 1692847619709, "isBuyerMaker": false, "isBestMatch": true}, {"id": 32492422, "price": "1.00870000", "qty": "191.10000000", "quoteQty": "192.76257000", "time": 1692847631484, "isBuyerMaker": false, "isBestMatch": true}, {"id": 32492423, "price": "1.00870000", "qty": "191.10000000", "quoteQty": "192.76257000", "time": 1692847631486, "isBuyerMaker": false, "isBestMatch": true}, {"id": 32492424, "price": "1.00870000", "qty": "75.60000000", "quoteQty": "76.25772000", "time": 1692847655741, "isBuyerMaker": true, "isBestMatch": true}, {"id": 32492425, "price": "1.00880000", "qty": "117.20000000", "quoteQty": "118.23136000", "time": 1692847669159, "isBuyerMaker": false, "isBestMatch": true}, {"id": 32492426, "price": "1.00880000", "qty": "793.00000000", "quoteQty": "799.97840000", "time": 1692847707955, "isBuyerMaker": false, "isBestMatch": true}, {"id": 32492427, "price": "1.00880000", "qty": "17.10000000", "quoteQty": "17.25048000", "time": 1692847707955, "isBuyerMaker": false, "isBestMatch": true}, {"id": 32492428, "price": "1.00880000", "qty": "197.40000000", "quoteQty": "199.13712000", "time": 1692847707955, "isBuyerMaker": false, "isBestMatch": true}, {"id": 32492429, "price": "1.00890000", "qty": "926.00000000", "quoteQty": "934.24140000", "time": 1692847707955, "isBuyerMaker": false, "isBestMatch": true}, {"id": 32492430, "price": "1.00890000", "qty": "561.60000000", "quoteQty": "566.59824000", "time": 1692847707955, "isBuyerMaker": false, "isBestMatch": true}, {"id": 32492431, "price": "1.00890000", "qty": "1009.10000000", "quoteQty": "1018.08099000", "time": 1692847707955, "isBuyerMaker": false, "isBestMatch": true}, {"id": 32492432, "price": "1.00890000", "qty": "503.70000000", "quoteQty": "508.18293000", "time": 1692847707960, "isBuyerMaker": true, "isBestMatch": true}, {"id": 32492433, "price": "1.00890000", "qty": "12.90000000", "quoteQty": "13.01481000", "time": 1692847708059, "isBuyerMaker": true, "isBestMatch": true}, {"id": 32492434, "price": "1.00890000", "qty": "980.00000000", "quoteQty": "988.72200000", "time": 1692847713118, "isBuyerMaker": true, "isBestMatch": true}, {"id": 32492435, "price": "1.00910000", "qty": "59.80000000", "quoteQty": "60.34418000", "time": 1692847723578, "isBuyerMaker": false, "isBestMatch": true}, {"id": 32492436, "price": "1.00910000", "qty": "11.50000000", "quoteQty": "11.60465000", "time": 1692847724885, "isBuyerMaker": false, "isBestMatch": true}, {"id": 32492437, "price": "1.00910000", "qty": "250.00000000", "quoteQty": "252.27500000", "time": 1692847727114, "isBuyerMaker": false, "isBestMatch": true}, {"id": 32492438, "price": "1.00910000", "qty": "239.00000000", "quoteQty": "241.17490000", "time": 1692847727118, "isBuyerMaker": false, "isBestMatch": true}, {"id": 32492439, "price": "1.00910000", "qty": "3077.10000000", "quoteQty": "3105.10161000", "time": 1692847727143, "isBuyerMaker": false, "isBestMatch": true}, {"id": 32492440, "price": "1.00910000", "qty": "191.10000000", "quoteQty": "192.83901000", "time": 1692847727148, "isBuyerMaker": false, "isBestMatch": true}, {"id": 32492441, "price": "1.00910000", "qty": "20.20000000", "quoteQty": "20.38382000", "time": 1692847727149, "isBuyerMaker": false, "isBestMatch": true}, {"id": 32492442, "price": "1.00910000", "qty": "833.70000000", "quoteQty": "841.28667000", "time": 1692847727169, "isBuyerMaker": false, "isBestMatch": true}, {"id": 32492443, "price": "1.00910000", "qty": "775.50000000", "quoteQty": "782.55705000", "time": 1692847727198, "isBuyerMaker": false, "isBestMatch": true}, {"id": 32492444, "price": "1.00910000", "qty": "1977.70000000", "quoteQty": "1995.69707000", "time": 1692847727199, "isBuyerMaker": false, "isBestMatch": true}, {"id": 32492445, "price": "1.00910000", "qty": "20.90000000", "quoteQty": "21.09019000", "time": 1692847727199, "isBuyerMaker": false, "isBestMatch": true}, {"id": 32492446, "price": "1.00910000", "qty": "869.70000000", "quoteQty": "877.61427000", "time": 1692847727199, "isBuyerMaker": false, "isBestMatch": true}, {"id": 32492447, "price": "1.00910000", "qty": "969.90000000", "quoteQty": "978.72609000", "time": 1692847727203, "isBuyerMaker": false, "isBestMatch": true}, {"id": 32492448, "price": "1.00910000", "qty": "698.10000000", "quoteQty": "704.45271000", "time": 1692847727203, "isBuyerMaker": false, "isBestMatch": true}, {"id": 32492449, "price": "1.00910000", "qty": "29.20000000", "quoteQty": "29.46572000", "time": 1692847727272, "isBuyerMaker": false, "isBestMatch": true}, {"id": 32492450, "price": "1.00910000", "qty": "168.60000000", "quoteQty": "170.13426000", "time": 1692847727335, "isBuyerMaker": false, "isBestMatch": true}, {"id": 32492451, "price": "1.00910000", "qty": "29.20000000", "quoteQty": "29.46572000", "time": 1692847727335, "isBuyerMaker": false, "isBestMatch": true}, {"id": 32492452, "price": "1.00920000", "qty": "49.90000000", "quoteQty": "50.35908000", "time": 1692847728970, "isBuyerMaker": true, "isBestMatch": true}, {"id": 32492453, "price": "1.00930000", "qty": "12.90000000", "quoteQty": "13.01997000", "time": 1692847729213, "isBuyerMaker": true, "isBestMatch": true}, {"id": 32492454, "price": "1.00940000", "qty": "400.00000000", "quoteQty": "403.76000000", "time": 1692847729330, "isBuyerMaker": false, "isBestMatch": true}, {"id": 32492455, "price": "1.00930000", "qty": "13.60000000", "quoteQty": "13.72648000", "time": 1692847731778, "isBuyerMaker": true, "isBestMatch": true}, {"id": 32492456, "price": "1.00940000", "qty": "138.60000000", "quoteQty": "139.90284000", "time": 1692847737690, "isBuyerMaker": false, "isBestMatch": true}, {"id": 32492457, "price": "1.00930000", "qty": "800.00000000", "quoteQty": "807.44000000", "time": 1692847746636, "isBuyerMaker": true, "isBestMatch": true}, {"id": 32492458, "price": "1.00930000", "qty": "800.00000000", "quoteQty": "807.44000000", "time": 1692847746636, "isBuyerMaker": true, "isBestMatch": true}, {"id": 32492459, "price": "1.00930000", "qty": "185.40000000", "quoteQty": "187.12422000", "time": 1692847746636, "isBuyerMaker": true, "isBestMatch": true}, {"id": 32492460, "price": "1.00930000", "qty": "128.80000000", "quoteQty": "129.99784000", "time": 1692847746637, "isBuyerMaker": true, "isBestMatch": true}, {"id": 32492461, "price": "1.00930000", "qty": "17.80000000", "quoteQty": "17.96554000", "time": 1692847746637, "isBuyerMaker": true, "isBestMatch": true}, {"id": 32492462, "price": "1.00930000", "qty": "52.60000000", "quoteQty": "53.08918000", "time": 1692847746637, "isBuyerMaker": true, "isBestMatch": true}, {"id": 32492463, "price": "1.00930000", "qty": "290.40000000", "quoteQty": "293.10072000", "time": 1692847746637, "isBuyerMaker": true, "isBestMatch": true}, {"id": 32492464, "price": "1.00920000", "qty": "273.90000000", "quoteQty": "276.41988000", "time": 1692847746639, "isBuyerMaker": true, "isBestMatch": true}, {"id": 32492465, "price": "1.00920000", "qty": "491.30000000", "quoteQty": "495.81996000", "time": 1692847746639, "isBuyerMaker": true, "isBestMatch": true}, {"id": 32492466, "price": "1.00920000", "qty": "744.10000000", "quoteQty": "750.94572000", "time": 1692847746639, "isBuyerMaker": true, "isBestMatch": true}, {"id": 32492467, "price": "1.00910000", "qty": "323.50000000", "quoteQty": "326.44385000", "time": 1692847753789, "isBuyerMaker": false, "isBestMatch": true}, {"id": 32492468, "price": "1.00910000", "qty": "191.10000000", "quoteQty": "192.83901000", "time": 1692847753789, "isBuyerMaker": false, "isBestMatch": true}, {"id": 32492469, "price": "1.00910000", "qty": "919.00000000", "quoteQty": "927.36290000", "time": 1692847753789, "isBuyerMaker": false, "isBestMatch": true}, {"id": 32492470, "price": "1.00910000", "qty": "191.10000000", "quoteQty": "192.83901000", "time": 1692847753789, "isBuyerMaker": false, "isBestMatch": true}, {"id": 32492471, "price": "1.00910000", "qty": "107.00000000", "quoteQty": "107.97370000", "time": 1692847753789, "isBuyerMaker": false, "isBestMatch": true}, {"id": 32492472, "price": "1.00910000", "qty": "385.20000000", "quoteQty": "388.70532000", "time": 1692847753789, "isBuyerMaker": false, "isBestMatch": true}, {"id": 32492473, "price": "1.00910000", "qty": "172.00000000", "quoteQty": "173.56520000", "time": 1692847753789, "isBuyerMaker": false, "isBestMatch": true}, {"id": 32492474, "price": "1.00910000", "qty": "250.80000000", "quoteQty": "253.08228000", "time": 1692847753789, "isBuyerMaker": false, "isBestMatch": true}, {"id": 32492475, "price": "1.00910000", "qty": "475.30000000", "quoteQty": "479.62523000", "time": 1692847753789, "isBuyerMaker": false, "isBestMatch": true}, {"id": 32492476, "price": "1.00910000", "qty": "250.00000000", "quoteQty": "252.27500000", "time": 1692847753789, "isBuyerMaker": false, "isBestMatch": true}, {"id": 32492477, "price": "1.00910000", "qty": "821.50000000", "quoteQty": "828.97565000", "time": 1692847753789, "isBuyerMaker": false, "isBestMatch": true}, {"id": 32492478, "price": "1.00920000", "qty": "323.50000000", "quoteQty": "326.47620000", "time": 1692847753789, "isBuyerMaker": false, "isBestMatch": true}, {"id": 32492479, "price": "1.00920000", "qty": "968.00000000", "quoteQty": "976.90560000", "time": 1692847753789, "isBuyerMaker": false, "isBestMatch": true}, {"id": 32492480, "price": "1.00920000", "qty": "403.00000000", "quoteQty": "406.70760000", "time": 1692847753789, "isBuyerMaker": false, "isBestMatch": true}, {"id": 32492481, "price": "1.00920000", "qty": "251.00000000", "quoteQty": "253.30920000", "time": 1692847753789, "isBuyerMaker": false, "isBestMatch": true}, {"id": 32492482, "price": "1.00920000", "qty": "250.00000000", "quoteQty": "252.30000000", "time": 1692847753789, "isBuyerMaker": false, "isBestMatch": true}, {"id": 32492483, "price": "1.00920000", "qty": "19.80000000", "quoteQty": "19.98216000", "time": 1692847753789, "isBuyerMaker": false, "isBestMatch": true}, {"id": 32492484, "price": "1.00920000", "qty": "20.80000000", "quoteQty": "20.99136000", "time": 1692847753789, "isBuyerMaker": false, "isBestMatch": true}, {"id": 32492485, "price": "1.00920000", "qty": "348.70000000", "quoteQty": "351.90804000", "time": 1692847753789, "isBuyerMaker": false, "isBestMatch": true}, {"id": 32492486, "price": "1.00930000", "qty": "323.50000000", "quoteQty": "326.50855000", "time": 1692847753789, "isBuyerMaker": false, "isBestMatch": true}, {"id": 32492487, "price": "1.00930000", "qty": "968.00000000", "quoteQty": "977.00240000", "time": 1692847753789, "isBuyerMaker": false, "isBestMatch": true}, {"id": 32492488, "price": "1.00930000", "qty": "250.00000000", "quoteQty": "252.32500000", "time": 1692847753789, "isBuyerMaker": false, "isBestMatch": true}, {"id": 32492489, "price": "1.00930000", "qty": "205.50000000", "quoteQty": "207.41115000", "time": 1692847753789, "isBuyerMaker": false, "isBestMatch": true}, {"id": 32492490, "price": "1.00930000", "qty": "387.50000000", "quoteQty": "391.10375000", "time": 1692847753789, "isBuyerMaker": false, "isBestMatch": true}, {"id": 32492491, "price": "1.00930000", "qty": "409.80000000", "quoteQty": "413.61114000", "time": 1692847753789, "isBuyerMaker": false, "isBestMatch": true}, {"id": 32492492, "price": "1.00930000", "qty": "78.30000000", "quoteQty": "79.02819000", "time": 1692847753794, "isBuyerMaker": true, "isBestMatch": true}, {"id": 32492493, "price": "1.00930000", "qty": "706.10000000", "quoteQty": "712.66673000", "time": 1692847753797, "isBuyerMaker": true, "isBestMatch": true}, {"id": 32492494, "price": "1.00920000", "qty": "87.60000000", "quoteQty": "88.40592000", "time": 1692847760704, "isBuyerMaker": false, "isBestMatch": true}, {"id": 32492495, "price": "1.00910000", "qty": "28.70000000", "quoteQty": "28.96117000", "time": 1692847762740, "isBuyerMaker": true, "isBestMatch": true}, {"id": 32492496, "price": "1.00920000", "qty": "162.80000000", "quoteQty": "164.29776000", "time": 1692847765834, "isBuyerMaker": false, "isBestMatch": true}, {"id": 32492497, "price": "1.00920000", "qty": "262.20000000", "quoteQty": "264.61224000", "time": 1692847765834, "isBuyerMaker": false, "isBestMatch": true}, {"id": 32492498, "price": "1.00900000", "qty": "353.90000000", "quoteQty": "357.08510000", "time": 1692847779239, "isBuyerMaker": false, "isBestMatch": true}, {"id": 32492499, "price": "1.00910000", "qty": "109.30000000", "quoteQty": "110.29463000", "time": 1692847826385, "isBuyerMaker": true, "isBestMatch": true}, {"id": 32492500, "price": "1.00920000", "qty": "444.70000000", "quoteQty": "448.79124000", "time": 1692847835652, "isBuyerMaker": false, "isBestMatch": true}, {"id": 32492501, "price": "1.00920000", "qty": "89.00000000", "quoteQty": "89.81880000", "time": 1692847836469, "isBuyerMaker": false, "isBestMatch": true}, {"id": 32492502, "price": "1.00920000", "qty": "250.00000000", "quoteQty": "252.30000000", "time": 1692847836469, "isBuyerMaker": false, "isBestMatch": true}, {"id": 32492503, "price": "1.00920000", "qty": "294.80000000", "quoteQty": "297.51216000", "time": 1692847836469, "isBuyerMaker": false, "isBestMatch": true}, {"id": 32492504, "price": "1.00920000", "qty": "278.60000000", "quoteQty": "281.16312000", "time": 1692847836469, "isBuyerMaker": false, "isBestMatch": true}, {"id": 32492505, "price": "1.00920000", "qty": "122.40000000", "quoteQty": "123.52608000", "time": 1692847863180, "isBuyerMaker": true, "isBestMatch": true}, {"id": 32492506, "price": "1.00930000", "qty": "323.60000000", "quoteQty": "326.60948000", "time": 1692847881406, "isBuyerMaker": true, "isBestMatch": true}, {"id": 32492507, "price": "1.00930000", "qty": "92.10000000", "quoteQty": "92.95653000", "time": 1692847881406, "isBuyerMaker": true, "isBestMatch": true}, {"id": 32492508, "price": "1.00940000", "qty": "20.90000000", "quoteQty": "21.09646000", "time": 1692847886062, "isBuyerMaker": false, "isBestMatch": true}, {"id": 32492509, "price": "1.00950000", "qty": "968.00000000", "quoteQty": "977.19600000", "time": 1692847886062, "isBuyerMaker": false, "isBestMatch": true}, {"id": 32492510, "price": "1.00950000", "qty": "718.20000000", "quoteQty": "725.02290000", "time": 1692847886062, "isBuyerMaker": false, "isBestMatch": true}, {"id": 32492511, "price": "1.00950000", "qty": "283.80000000", "quoteQty": "286.49610000", "time": 1692847886062, "isBuyerMaker": false, "isBestMatch": true}, {"id": 32492512, "price": "1.00950000", "qty": "12.90000000", "quoteQty": "13.02255000", "time": 1692847886171, "isBuyerMaker": true, "isBestMatch": true}, {"id": 32492513, "price": "1.00950000", "qty": "662.00000000", "quoteQty": "668.28900000", "time": 1692847895799, "isBuyerMaker": true, "isBestMatch": true}, {"id": 32492514, "price": "1.00950000", "qty": "829.00000000", "quoteQty": "836.87550000", "time": 1692847895799, "isBuyerMaker": true, "isBestMatch": true}, {"id": 32492515, "price": "1.00950000", "qty": "250.00000000", "quoteQty": "252.37500000", "time": 1692847895799, "isBuyerMaker": true, "isBestMatch": true}, {"id": 32492516, "price": "1.00950000", "qty": "243.20000000", "quoteQty": "245.51040000", "time": 1692847895799, "isBuyerMaker": true, "isBestMatch": true}, {"id": 32492517, "price": "1.00950000", "qty": "829.00000000", "quoteQty": "836.87550000", "time": 1692847912437, "isBuyerMaker": true, "isBestMatch": true}, {"id": 32492518, "price": "1.00950000", "qty": "11.10000000", "quoteQty": "11.20545000", "time": 1692847912437, "isBuyerMaker": true, "isBestMatch": true}, {"id": 32492519, "price": "1.00940000", "qty": "49.60000000", "quoteQty": "50.06624000", "time": 1692847934466, "isBuyerMaker": true, "isBestMatch": true}, {"id": 32492520, "price": "1.00950000", "qty": "250.50000000", "quoteQty": "252.87975000", "time": 1692847940738, "isBuyerMaker": false, "isBestMatch": true}, {"id": 32492521, "price": "1.00950000", "qty": "871.00000000", "quoteQty": "879.27450000", "time": 1692847940738, "isBuyerMaker": false, "isBestMatch": true}, {"id": 32492522, "price": "1.00950000", "qty": "2426.60000000", "quoteQty": "2449.65270000", "time": 1692847940738, "isBuyerMaker": false, "isBestMatch": true}, {"id": 32492523, "price": "1.00950000", "qty": "1018.60000000", "quoteQty": "1028.27670000", "time": 1692847940738, "isBuyerMaker": false, "isBestMatch": true}, {"id": 32492524, "price": "1.00950000", "qty": "3458.50000000", "quoteQty": "3491.35575000", "time": 1692847940738, "isBuyerMaker": false, "isBestMatch": true}, {"id": 32492525, "price": "1.00950000", "qty": "470.70000000", "quoteQty": "475.17165000", "time": 1692847940738, "isBuyerMaker": false, "isBestMatch": true}, {"id": 32492526, "price": "1.00950000", "qty": "1099.60000000", "quoteQty": "1110.04620000", "time": 1692847940738, "isBuyerMaker": false, "isBestMatch": true}, {"id": 32492527, "price": "1.00960000", "qty": "139.70000000", "quoteQty": "141.04112000", "time": 1692847974391, "isBuyerMaker": false, "isBestMatch": true}, {"id": 32492528, "price": "1.00960000", "qty": "99.00000000", "quoteQty": "99.95040000", "time": 1692848010157, "isBuyerMaker": false, "isBestMatch": true}, {"id": 32492529, "price": "1.00960000", "qty": "40.60000000", "quoteQty": "40.98976000", "time": 1692848023764, "isBuyerMaker": false, "isBestMatch": true}, {"id": 32492530, "price": "1.00950000", "qty": "105.10000000", "quoteQty": "106.09845000", "time": 1692848037634, "isBuyerMaker": true, "isBestMatch": true}, {"id": 32492531, "price": "1.00960000", "qty": "12.70000000", "quoteQty": "12.82192000", "time": 1692848067709, "isBuyerMaker": false, "isBestMatch": true}, {"id": 32492532, "price": "1.00960000", "qty": "99.70000000", "quoteQty": "100.65712000", "time": 1692848080159, "isBuyerMaker": false, "isBestMatch": true}, {"id": 32492533, "price": "1.00960000", "qty": "14.60000000", "quoteQty": "14.74016000", "time": 1692848080348, "isBuyerMaker": false, "isBestMatch": true}, {"id": 32492534, "price": "1.00960000", "qty": "21.30000000", "quoteQty": "21.50448000", "time": 1692848080913, "isBuyerMaker": true, "isBestMatch": true}, {"id": 32492535, "price": "1.00960000", "qty": "16.80000000", "quoteQty": "16.96128000", "time": 1692848083976, "isBuyerMaker": true, "isBestMatch": true}, {"id": 32492536, "price": "1.00960000", "qty": "2.10000000", "quoteQty": "2.12016000", "time": 1692848097008, "isBuyerMaker": true, "isBestMatch": true}, {"id": 32492537, "price": "1.00960000", "qty": "197.90000000", "quoteQty": "199.79984000", "time": 1692848097008, "isBuyerMaker": true, "isBestMatch": true}, {"id": 32492538, "price": "1.00970000", "qty": "56.00000000", "quoteQty": "56.54320000", "time": 1692848124049, "isBuyerMaker": false, "isBestMatch": true}, {"id": 32492539, "price": "1.00960000", "qty": "13.90000000", "quoteQty": "14.03344000", "time": 1692848143589, "isBuyerMaker": true, "isBestMatch": true}, {"id": 32492540, "price": "1.00960000", "qty": "177.20000000", "quoteQty": "178.90112000", "time": 1692848143589, "isBuyerMaker": true, "isBestMatch": true}, {"id": 32492541, "price": "1.00960000", "qty": "80.20000000", "quoteQty": "80.96992000", "time": 1692848143592, "isBuyerMaker": true, "isBestMatch": true}, {"id": 32492542, "price": "1.00950000", "qty": "110.90000000", "quoteQty": "111.95355000", "time": 1692848143592, "isBuyerMaker": true, "isBestMatch": true}, {"id": 32492543, "price": "1.00950000", "qty": "198.10000000", "quoteQty": "199.98195000", "time": 1692848143745, "isBuyerMaker": true, "isBestMatch": true}, {"id": 32492544, "price": "1.00960000", "qty": "58.30000000", "quoteQty": "58.85968000", "time": 1692848147044, "isBuyerMaker": false, "isBestMatch": true}, {"id": 32492545, "price": "1.00950000", "qty": "50.00000000", "quoteQty": "50.47500000", "time": 1692848154079, "isBuyerMaker": true, "isBestMatch": true}, {"id": 32492546, "price": "1.00960000", "qty": "479.10000000", "quoteQty": "483.69936000", "time": 1692848162158, "isBuyerMaker": false, "isBestMatch": true}, {"id": 32492547, "price": "1.00960000", "qty": "447.30000000", "quoteQty": "451.59408000", "time": 1692848162158, "isBuyerMaker": false, "isBestMatch": true}, {"id": 32492548, "price": "1.00960000", "qty": "250.40000000", "quoteQty": "252.80384000", "time": 1692848162158, "isBuyerMaker": false, "isBestMatch": true}, {"id": 32492549, "price": "1.00960000", "qty": "2292.60000000", "quoteQty": "2314.60896000", "time": 1692848162158, "isBuyerMaker": false, "isBestMatch": true}, {"id": 32492550, "price": "1.00960000", "qty": "1850.00000000", "quoteQty": "1867.76000000", "time": 1692848162158, "isBuyerMaker": false, "isBestMatch": true}, {"id": 32492551, "price": "1.00960000", "qty": "1789.00000000", "quoteQty": "1806.17440000", "time": 1692848162158, "isBuyerMaker": false, "isBestMatch": true}, {"id": 32492552, "price": "1.00960000", "qty": "2771.60000000", "quoteQty": "2798.20736000", "time": 1692848162158, "isBuyerMaker": false, "isBestMatch": true}, {"id": 32492553, "price": "1.00960000", "qty": "229.80000000", "quoteQty": "232.00608000", "time": 1692848162158, "isBuyerMaker": false, "isBestMatch": true}, {"id": 32492554, "price": "1.00960000", "qty": "1068.70000000", "quoteQty": "1078.95952000", "time": 1692848197120, "isBuyerMaker": true, "isBestMatch": true}, {"id": 32492555, "price": "1.00960000", "qty": "99.40000000", "quoteQty": "100.35424000", "time": 1692848197505, "isBuyerMaker": true, "isBestMatch": true}, {"id": 32492556, "price": "1.00960000", "qty": "12.70000000", "quoteQty": "12.82192000", "time": 1692848199921, "isBuyerMaker": true, "isBestMatch": true}, {"id": 32492557, "price": "1.00970000", "qty": "10.00000000", "quoteQty": "10.09700000", "time": 1692848221472, "isBuyerMaker": false, "isBestMatch": true}, {"id": 32492558, "price": "1.00970000", "qty": "10.00000000", "quoteQty": "10.09700000", "time": 1692848226619, "isBuyerMaker": false, "isBestMatch": true}, {"id": 32492559, "price": "1.00970000", "qty": "10.00000000", "quoteQty": "10.09700000", "time": 1692848232450, "isBuyerMaker": false, "isBestMatch": true}, {"id": 32492560, "price": "1.00970000", "qty": "7.80000000", "quoteQty": "7.87566000", "time": 1692848233025, "isBuyerMaker": false, "isBestMatch": true}, {"id": 32492561, "price": "1.00970000", "qty": "12.00000000", "quoteQty": "12.11640000", "time": 1692848233025, "isBuyerMaker": false, "isBestMatch": true}, {"id": 32492562, "price": "1.00970000", "qty": "10.00000000", "quoteQty": "10.09700000", "time": 1692848236217, "isBuyerMaker": false, "isBestMatch": true}, {"id": 32492563, "price": "1.00960000", "qty": "15.30000000", "quoteQty": "15.44688000", "time": 1692848239356, "isBuyerMaker": true, "isBestMatch": true}, {"id": 32492564, "price": "1.00970000", "qty": "10.00000000", "quoteQty": "10.09700000", "time": 1692848254507, "isBuyerMaker": false, "isBestMatch": true}, {"id": 32492565, "price": "1.00970000", "qty": "10.00000000", "quoteQty": "10.09700000", "time": 1692848257421, "isBuyerMaker": false, "isBestMatch": true}, {"id": 32492566, "price": "1.00970000", "qty": "184.70000000", "quoteQty": "186.49159000", "time": 1692848258363, "isBuyerMaker": false, "isBestMatch": true}, {"id": 32492567, "price": "1.00970000", "qty": "205.00000000", "quoteQty": "206.98850000", "time": 1692848258363, "isBuyerMaker": false, "isBestMatch": true}, {"id": 32492568, "price": "1.00970000", "qty": "10.00000000", "quoteQty": "10.09700000", "time": 1692848259863, "isBuyerMaker": false, "isBestMatch": true}, {"id": 32492569, "price": "1.00970000", "qty": "10.00000000", "quoteQty": "10.09700000", "time": 1692848265600, "isBuyerMaker": false, "isBestMatch": true}, {"id": 32492570, "price": "1.00970000", "qty": "10.00000000", "quoteQty": "10.09700000", "time": 1692848273210, "isBuyerMaker": false, "isBestMatch": true}, {"id": 32492571, "price": "1.00970000", "qty": "20.90000000", "quoteQty": "21.10273000", "time": 1692848283576, "isBuyerMaker": false, "isBestMatch": true}, {"id": 32492572, "price": "1.00970000", "qty": "170.20000000", "quoteQty": "171.85094000", "time": 1692848283576, "isBuyerMaker": false, "isBestMatch": true}, {"id": 32492573, "price": "1.00970000", "qty": "191.10000000", "quoteQty": "192.95367000", "time": 1692848283577, "isBuyerMaker": false, "isBestMatch": true}, {"id": 32492574, "price": "1.00970000", "qty": "794.80000000", "quoteQty": "802.50956000", "time": 1692848283605, "isBuyerMaker": false, "isBestMatch": true}, {"id": 32492575, "price": "1.00970000", "qty": "36.50000000", "quoteQty": "36.85405000", "time": 1692848283608, "isBuyerMaker": false, "isBestMatch": true}, {"id": 32492576, "price": "1.00970000", "qty": "30.50000000", "quoteQty": "30.79585000", "time": 1692848283608, "isBuyerMaker": false, "isBestMatch": true}, {"id": 32492577, "price": "1.00980000", "qty": "99.10000000", "quoteQty": "100.07118000", "time": 1692848283622, "isBuyerMaker": true, "isBestMatch": true}, {"id": 32492578, "price": "1.00980000", "qty": "20.00000000", "quoteQty": "20.19600000", "time": 1692848283646, "isBuyerMaker": true, "isBestMatch": true}, {"id": 32492579, "price": "1.00990000", "qty": "323.40000000", "quoteQty": "326.60166000", "time": 1692848283701, "isBuyerMaker": true, "isBestMatch": true}, {"id": 32492580, "price": "1.00990000", "qty": "87.90000000", "quoteQty": "88.77021000", "time": 1692848283701, "isBuyerMaker": true, "isBestMatch": true}, {"id": 32492581, "price": "1.01000000", "qty": "11.10000000", "quoteQty": "11.21100000", "time": 1692848288102, "isBuyerMaker": false, "isBestMatch": true}, {"id": 32492582, "price": "1.00990000", "qty": "1124.80000000", "quoteQty": "1135.93552000", "time": 1692848290148, "isBuyerMaker": true, "isBestMatch": true}, {"id": 32492583, "price": "1.00990000", "qty": "253.40000000", "quoteQty": "255.90866000", "time": 1692848290152, "isBuyerMaker": true, "isBestMatch": true}, {"id": 32492584, "price": "1.00990000", "qty": "191.10000000", "quoteQty": "192.99189000", "time": 1692848290155, "isBuyerMaker": true, "isBestMatch": true}, {"id": 32492585, "price": "1.00990000", "qty": "191.10000000", "quoteQty": "192.99189000", "time": 1692848290156, "isBuyerMaker": true, "isBestMatch": true}, {"id": 32492586, "price": "1.00980000", "qty": "1162.40000000", "quoteQty": "1173.79152000", "time": 1692848296592, "isBuyerMaker": true, "isBestMatch": true}, {"id": 32492587, "price": "1.00980000", "qty": "251.20000000", "quoteQty": "253.66176000", "time": 1692848296592, "isBuyerMaker": true, "isBestMatch": true}, {"id": 32492588, "price": "1.00980000", "qty": "1361.10000000", "quoteQty": "1374.43878000", "time": 1692848296592, "isBuyerMaker": true, "isBestMatch": true}, {"id": 32492589, "price": "1.00980000", "qty": "891.90000000", "quoteQty": "900.64062000", "time": 1692848296596, "isBuyerMaker": true, "isBestMatch": true}, {"id": 32492590, "price": "1.00980000", "qty": "928.30000000", "quoteQty": "937.39734000", "time": 1692848296596, "isBuyerMaker": true, "isBestMatch": true}, {"id": 32492591, "price": "1.00980000", "qty": "671.70000000", "quoteQty": "678.28266000", "time": 1692848296596, "isBuyerMaker": true, "isBestMatch": true}, {"id": 32492592, "price": "1.00980000", "qty": "1500.40000000", "quoteQty": "1515.10392000", "time": 1692848296596, "isBuyerMaker": true, "isBestMatch": true}, {"id": 32492593, "price": "1.00980000", "qty": "99.60000000", "quoteQty": "100.57608000", "time": 1692848296598, "isBuyerMaker": true, "isBestMatch": true}, {"id": 32492594, "price": "1.00980000", "qty": "244.60000000", "quoteQty": "246.99708000", "time": 1692848296598, "isBuyerMaker": true, "isBestMatch": true}, {"id": 32492595, "price": "1.00980000", "qty": "35.40000000", "quoteQty": "35.74692000", "time": 1692848300460, "isBuyerMaker": false, "isBestMatch": true}, {"id": 32492596, "price": "1.00980000", "qty": "288.00000000", "quoteQty": "290.82240000", "time": 1692848337629, "isBuyerMaker": false, "isBestMatch": true}, {"id": 32492597, "price": "1.00980000", "qty": "702.20000000", "quoteQty": "709.08156000", "time": 1692848337629, "isBuyerMaker": false, "isBestMatch": true}, {"id": 32492598, "price": "1.00970000", "qty": "12.90000000", "quoteQty": "13.02513000", "time": 1692848388028, "isBuyerMaker": true, "isBestMatch": true}, {"id": 32492599, "price": "1.00980000", "qty": "1480.10000000", "quoteQty": "1494.60498000", "time": 1692848517566, "isBuyerMaker": false, "isBestMatch": true}, {"id": 32492600, "price": "1.00970000", "qty": "77.00000000", "quoteQty": "77.74690000", "time": 1692848561747, "isBuyerMaker": true, "isBestMatch": true}, {"id": 32492601, "price": "1.00970000", "qty": "272.20000000", "quoteQty": "274.84034000", "time": 1692848561756, "isBuyerMaker": false, "isBestMatch": true}, {"id": 32492602, "price": "1.00970000", "qty": "165.50000000", "quoteQty": "167.10535000", "time": 1692848573255, "isBuyerMaker": false, "isBestMatch": true}, {"id": 32492603, "price": "1.00970000", "qty": "182.20000000", "quoteQty": "183.96734000", "time": 1692848573255, "isBuyerMaker": false, "isBestMatch": true}, {"id": 32492604, "price": "1.00970000", "qty": "147.40000000", "quoteQty": "148.82978000", "time": 1692848573255, "isBuyerMaker": false, "isBestMatch": true}, {"id": 32492605, "price": "1.00960000", "qty": "1000.00000000", "quoteQty": "1009.60000000", "time": 1692848588496, "isBuyerMaker": true, "isBestMatch": true}, {"id": 32492606, "price": "1.00970000", "qty": "23.10000000", "quoteQty": "23.32407000", "time": 1692848590733, "isBuyerMaker": false, "isBestMatch": true}, {"id": 32492607, "price": "1.00960000", "qty": "14.80000000", "quoteQty": "14.94208000", "time": 1692848592062, "isBuyerMaker": true, "isBestMatch": true}, {"id": 32492608, "price": "1.00960000", "qty": "1504.20000000", "quoteQty": "1518.64032000", "time": 1692848593437, "isBuyerMaker": true, "isBestMatch": true}, {"id": 32492609, "price": "1.00970000", "qty": "118.80000000", "quoteQty": "119.95236000", "time": 1692848602026, "isBuyerMaker": false, "isBestMatch": true}, {"id": 32492610, "price": "1.00960000", "qty": "1492.20000000", "quoteQty": "1506.52512000", "time": 1692848604471, "isBuyerMaker": true, "isBestMatch": true}, {"id": 32492611, "price": "1.00960000", "qty": "4289.80000000", "quoteQty": "4330.98208000", "time": 1692848604472, "isBuyerMaker": true, "isBestMatch": true}, {"id": 32492612, "price": "1.00960000", "qty": "205.20000000", "quoteQty": "207.16992000", "time": 1692848604475, "isBuyerMaker": true, "isBestMatch": true}, {"id": 32492613, "price": "1.00960000", "qty": "10.00000000", "quoteQty": "10.09600000", "time": 1692848604475, "isBuyerMaker": true, "isBestMatch": true}, {"id": 32492614, "price": "1.00960000", "qty": "10.00000000", "quoteQty": "10.09600000", "time": 1692848604475, "isBuyerMaker": true, "isBestMatch": true}, {"id": 32492615, "price": "1.00960000", "qty": "10.00000000", "quoteQty": "10.09600000", "time": 1692848604475, "isBuyerMaker": true, "isBestMatch": true}, {"id": 32492616, "price": "1.00960000", "qty": "296.20000000", "quoteQty": "299.04352000", "time": 1692848604475, "isBuyerMaker": true, "isBestMatch": true}, {"id": 32492617, "price": "1.00960000", "qty": "267.30000000", "quoteQty": "269.86608000", "time": 1692848604475, "isBuyerMaker": true, "isBestMatch": true}, {"id": 32492618, "price": "1.00950000", "qty": "204.80000000", "quoteQty": "206.74560000", "time": 1692848604481, "isBuyerMaker": true, "isBestMatch": true}, {"id": 32492619, "price": "1.00940000", "qty": "779.40000000", "quoteQty": "786.72636000", "time": 1692848604613, "isBuyerMaker": true, "isBestMatch": true}, {"id": 32492620, "price": "1.00940000", "qty": "1002.70000000", "quoteQty": "1012.12538000", "time": 1692848604613, "isBuyerMaker": true, "isBestMatch": true}, {"id": 32492621, "price": "1.00940000", "qty": "224.50000000", "quoteQty": "226.61030000", "time": 1692848604613, "isBuyerMaker": true, "isBestMatch": true}, {"id": 32492622, "price": "1.00940000", "qty": "25.50000000", "quoteQty": "25.73970000", "time": 1692848604623, "isBuyerMaker": true, "isBestMatch": true}, {"id": 32492623, "price": "1.00940000", "qty": "1088.40000000", "quoteQty": "1098.63096000", "time": 1692848604623, "isBuyerMaker": true, "isBestMatch": true}, {"id": 32492624, "price": "1.00940000", "qty": "870.40000000", "quoteQty": "878.58176000", "time": 1692848604623, "isBuyerMaker": true, "isBestMatch": true}, {"id": 32492625, "price": "1.00940000", "qty": "1088.60000000", "quoteQty": "1098.83284000", "time": 1692848604627, "isBuyerMaker": true, "isBestMatch": true}, {"id": 32492626, "price": "1.00940000", "qty": "551.90000000", "quoteQty": "557.08786000", "time": 1692848604680, "isBuyerMaker": true, "isBestMatch": true}, {"id": 32492627, "price": "1.00940000", "qty": "318.70000000", "quoteQty": "321.69578000", "time": 1692848604683, "isBuyerMaker": true, "isBestMatch": true}, {"id": 32492628, "price": "1.00940000", "qty": "577.60000000", "quoteQty": "583.02944000", "time": 1692848604683, "isBuyerMaker": true, "isBestMatch": true}, {"id": 32492629, "price": "1.00940000", "qty": "511.20000000", "quoteQty": "516.00528000", "time": 1692848604684, "isBuyerMaker": true, "isBestMatch": true}, {"id": 32492630, "price": "1.00940000", "qty": "250.00000000", "quoteQty": "252.35000000", "time": 1692848604684, "isBuyerMaker": true, "isBestMatch": true}, {"id": 32492631, "price": "1.00930000", "qty": "736.90000000", "quoteQty": "743.75317000", "time": 1692848604684, "isBuyerMaker": true, "isBestMatch": true}, {"id": 32492632, "price": "1.00930000", "qty": "250.00000000", "quoteQty": "252.32500000", "time": 1692848604684, "isBuyerMaker": true, "isBestMatch": true}, {"id": 32492633, "price": "1.00930000", "qty": "251.10000000", "quoteQty": "253.43523000", "time": 1692848604684, "isBuyerMaker": true, "isBestMatch": true}, {"id": 32492634, "price": "1.00930000", "qty": "751.40000000", "quoteQty": "758.38802000", "time": 1692848604684, "isBuyerMaker": true, "isBestMatch": true}, {"id": 32492635, "price": "1.00930000", "qty": "150.00000000", "quoteQty": "151.39500000", "time": 1692848604684, "isBuyerMaker": true, "isBestMatch": true}, {"id": 32492636, "price": "1.00930000", "qty": "68.30000000", "quoteQty": "68.93519000", "time": 1692848604684, "isBuyerMaker": true, "isBestMatch": true}, {"id": 32492637, "price": "1.00930000", "qty": "979.90000000", "quoteQty": "989.01307000", "time": 1692848604752, "isBuyerMaker": true, "isBestMatch": true}, {"id": 32492638, "price": "1.00930000", "qty": "198.10000000", "quoteQty": "199.94233000", "time": 1692848604838, "isBuyerMaker": true, "isBestMatch": true}, {"id": 32492639, "price": "1.00930000", "qty": "17.80000000", "quoteQty": "17.96554000", "time": 1692848606519, "isBuyerMaker": true, "isBestMatch": true}, {"id": 32492640, "price": "1.00940000", "qty": "20.00000000", "quoteQty": "20.18800000", "time": 1692848607635, "isBuyerMaker": false, "isBestMatch": true}, {"id": 32492641, "price": "1.00940000", "qty": "20.00000000", "quoteQty": "20.18800000", "time": 1692848609653, "isBuyerMaker": false, "isBestMatch": true}, {"id": 32492642, "price": "1.00930000", "qty": "193.60000000", "quoteQty": "195.40048000", "time": 1692848613104, "isBuyerMaker": true, "isBestMatch": true}, {"id": 32492643, "price": "1.00930000", "qty": "38.60000000", "quoteQty": "38.95898000", "time": 1692848618815, "isBuyerMaker": true, "isBestMatch": true}, {"id": 32492644, "price": "1.00930000", "qty": "20.00000000", "quoteQty": "20.18600000", "time": 1692848618815, "isBuyerMaker": true, "isBestMatch": true}, {"id": 32492645, "price": "1.00920000", "qty": "198.10000000", "quoteQty": "199.92252000", "time": 1692848618865, "isBuyerMaker": true, "isBestMatch": true}, {"id": 32492646, "price": "1.00920000", "qty": "630.90000000", "quoteQty": "636.70428000", "time": 1692848618914, "isBuyerMaker": true, "isBestMatch": true}, {"id": 32492647, "price": "1.00920000", "qty": "250.00000000", "quoteQty": "252.30000000", "time": 1692848618914, "isBuyerMaker": true, "isBestMatch": true}, {"id": 32492648, "price": "1.00920000", "qty": "3339.70000000", "quoteQty": "3370.42524000", "time": 1692848618914, "isBuyerMaker": true, "isBestMatch": true}, {"id": 32492649, "price": "1.00930000", "qty": "36.80000000", "quoteQty": "37.14224000", "time": 1692848627109, "isBuyerMaker": false, "isBestMatch": true}, {"id": 32492650, "price": "1.00930000", "qty": "100.00000000", "quoteQty": "100.93000000", "time": 1692848628046, "isBuyerMaker": false, "isBestMatch": true}, {"id": 32492651, "price": "1.00930000", "qty": "70.00000000", "quoteQty": "70.65100000", "time": 1692848628999, "isBuyerMaker": false, "isBestMatch": true}, {"id": 32492652, "price": "1.00930000", "qty": "15.00000000", "quoteQty": "15.13950000", "time": 1692848630005, "isBuyerMaker": false, "isBestMatch": true}, {"id": 32492653, "price": "1.00920000", "qty": "10.30000000", "quoteQty": "10.39476000", "time": 1692848662853, "isBuyerMaker": true, "isBestMatch": true}, {"id": 32492654, "price": "1.00920000", "qty": "262.80000000", "quoteQty": "265.21776000", "time": 1692848662954, "isBuyerMaker": true, "isBestMatch": true}, {"id": 32492655, "price": "1.00930000", "qty": "74.00000000", "quoteQty": "74.68820000", "time": 1692848666285, "isBuyerMaker": false, "isBestMatch": true}, {"id": 32492656, "price": "1.00930000", "qty": "584.30000000", "quoteQty": "589.73399000", "time": 1692848666285, "isBuyerMaker": false, "isBestMatch": true}, {"id": 32492657, "price": "1.00930000", "qty": "1974.60000000", "quoteQty": "1992.96378000", "time": 1692848666285, "isBuyerMaker": false, "isBestMatch": true}, {"id": 32492658, "price": "1.00930000", "qty": "191.10000000", "quoteQty": "192.87723000", "time": 1692848666289, "isBuyerMaker": false, "isBestMatch": true}, {"id": 32492659, "price": "1.00930000", "qty": "227.40000000", "quoteQty": "229.51482000", "time": 1692848666290, "isBuyerMaker": false, "isBestMatch": true}, {"id": 32492660, "price": "1.00930000", "qty": "554.40000000", "quoteQty": "559.55592000", "time": 1692848666290, "isBuyerMaker": false, "isBestMatch": true}, {"id": 32492661, "price": "1.00930000", "qty": "191.10000000", "quoteQty": "192.87723000", "time": 1692848666290, "isBuyerMaker": false, "isBestMatch": true}, {"id": 32492662, "price": "1.00930000", "qty": "537.90000000", "quoteQty": "542.90247000", "time": 1692848666293, "isBuyerMaker": false, "isBestMatch": true}, {"id": 32492663, "price": "1.00930000", "qty": "249.60000000", "quoteQty": "251.92128000", "time": 1692848666336, "isBuyerMaker": false, "isBestMatch": true}, {"id": 32492664, "price": "1.00930000", "qty": "19.10000000", "quoteQty": "19.27763000", "time": 1692848666336, "isBuyerMaker": false, "isBestMatch": true}, {"id": 32492665, "price": "1.00930000", "qty": "593.00000000", "quoteQty": "598.51490000", "time": 1692848666336, "isBuyerMaker": false, "isBestMatch": true}, {"id": 32492666, "price": "1.00940000", "qty": "295.60000000", "quoteQty": "298.37864000", "time": 1692848666336, "isBuyerMaker": false, "isBestMatch": true}, {"id": 32492667, "price": "1.00940000", "qty": "1241.60000000", "quoteQty": "1253.27104000", "time": 1692848666336, "isBuyerMaker": false, "isBestMatch": true}, {"id": 32492668, "price": "1.00940000", "qty": "207.70000000", "quoteQty": "209.65238000", "time": 1692848666336, "isBuyerMaker": false, "isBestMatch": true}, {"id": 32492669, "price": "1.00940000", "qty": "24.80000000", "quoteQty": "25.03312000", "time": 1692848666339, "isBuyerMaker": false, "isBestMatch": true}, {"id": 32492670, "price": "1.00950000", "qty": "166.30000000", "quoteQty": "167.87985000", "time": 1692848666339, "isBuyerMaker": false, "isBestMatch": true}, {"id": 32492671, "price": "1.00960000", "qty": "60.00000000", "quoteQty": "60.57600000", "time": 1692848671971, "isBuyerMaker": true, "isBestMatch": true}, {"id": 32492672, "price": "1.00970000", "qty": "11.90000000", "quoteQty": "12.01543000", "time": 1692848685231, "isBuyerMaker": true, "isBestMatch": true}, {"id": 32492673, "price": "1.00970000", "qty": "200.00000000", "quoteQty": "201.94000000", "time": 1692848690802, "isBuyerMaker": true, "isBestMatch": true}, {"id": 32492674, "price": "1.00970000", "qty": "83.90000000", "quoteQty": "84.71383000", "time": 1692848691590, "isBuyerMaker": true, "isBestMatch": true}, {"id": 32492675, "price": "1.00970000", "qty": "2690.50000000", "quoteQty": "2716.59785000", "time": 1692848691590, "isBuyerMaker": true, "isBestMatch": true}, {"id": 32492676, "price": "1.00980000", "qty": "20.00000000", "quoteQty": "20.19600000", "time": 1692848694983, "isBuyerMaker": false, "isBestMatch": true}, {"id": 32492677, "price": "1.00980000", "qty": "1269.00000000", "quoteQty": "1281.43620000", "time": 1692848705598, "isBuyerMaker": false, "isBestMatch": true}, {"id": 32492678, "price": "1.00980000", "qty": "153.10000000", "quoteQty": "154.60038000", "time": 1692848705607, "isBuyerMaker": false, "isBestMatch": true}, {"id": 32492679, "price": "1.00980000", "qty": "38.00000000", "quoteQty": "38.37240000", "time": 1692848705607, "isBuyerMaker": false, "isBestMatch": true}, {"id": 32492680, "price": "1.00970000", "qty": "12.90000000", "quoteQty": "13.02513000", "time": 1692848714004, "isBuyerMaker": true, "isBestMatch": true}, {"id": 32492681, "price": "1.00970000", "qty": "148.50000000", "quoteQty": "149.94045000", "time": 1692848721863, "isBuyerMaker": true, "isBestMatch": true}, {"id": 32492682, "price": "1.00970000", "qty": "71.40000000", "quoteQty": "72.09258000", "time": 1692848723445, "isBuyerMaker": true, "isBestMatch": true}, {"id": 32492683, "price": "1.00980000", "qty": "19.80000000", "quoteQty": "19.99404000", "time": 1692848772146, "isBuyerMaker": false, "isBestMatch": true}, {"id": 32492684, "price": "1.00970000", "qty": "296.00000000", "quoteQty": "298.87120000", "time": 1692848773970, "isBuyerMaker": true, "isBestMatch": true}, {"id": 32492685, "price": "1.00970000", "qty": "400.00000000", "quoteQty": "403.88000000", "time": 1692848773970, "isBuyerMaker": true, "isBestMatch": true}, {"id": 32492686, "price": "1.00960000", "qty": "5142.40000000", "quoteQty": "5191.76704000", "time": 1692848795015, "isBuyerMaker": true, "isBestMatch": true}, {"id": 32492687, "price": "1.00960000", "qty": "656.50000000", "quoteQty": "662.80240000", "time": 1692848795015, "isBuyerMaker": true, "isBestMatch": true}, {"id": 32492688, "price": "1.00960000", "qty": "943.50000000", "quoteQty": "952.55760000", "time": 1692848795017, "isBuyerMaker": true, "isBestMatch": true}, {"id": 32492689, "price": "1.00960000", "qty": "750.60000000", "quoteQty": "757.80576000", "time": 1692848795017, "isBuyerMaker": true, "isBestMatch": true}, {"id": 32492690, "price": "1.00960000", "qty": "849.40000000", "quoteQty": "857.55424000", "time": 1692848795019, "isBuyerMaker": true, "isBestMatch": true}, {"id": 32492691, "price": "1.00960000", "qty": "296.00000000", "quoteQty": "298.84160000", "time": 1692848795019, "isBuyerMaker": true, "isBestMatch": true}, {"id": 32492692, "price": "1.00960000", "qty": "1449.70000000", "quoteQty": "1463.61712000", "time": 1692848795019, "isBuyerMaker": true, "isBestMatch": true}, {"id": 32492693, "price": "1.00940000", "qty": "198.10000000", "quoteQty": "199.96214000", "time": 1692848795582, "isBuyerMaker": true, "isBestMatch": true}, {"id": 32492694, "price": "1.00930000", "qty": "295.80000000", "quoteQty": "298.55094000", "time": 1692848798325, "isBuyerMaker": true, "isBestMatch": true}, {"id": 32492695, "price": "1.00930000", "qty": "250.00000000", "quoteQty": "252.32500000", "time": 1692848798325, "isBuyerMaker": true, "isBestMatch": true}, {"id": 32492696, "price": "1.00930000", "qty": "1930.00000000", "quoteQty": "1947.94900000", "time": 1692848798325, "isBuyerMaker": true, "isBestMatch": true}, {"id": 32492697, "price": "1.00930000", "qty": "724.80000000", "quoteQty": "731.54064000", "time": 1692848798325, "isBuyerMaker": true, "isBestMatch": true}, {"id": 32492698, "price": "1.00920000", "qty": "923.10000000", "quoteQty": "931.59252000", "time": 1692848819029, "isBuyerMaker": true, "isBestMatch": true}, {"id": 32492699, "price": "1.00920000", "qty": "109.00000000", "quoteQty": "110.00280000", "time": 1692848836866, "isBuyerMaker": true, "isBestMatch": true}, {"id": 32492700, "price": "1.00930000", "qty": "20.00000000", "quoteQty": "20.18600000", "time": 1692848843972, "isBuyerMaker": false, "isBestMatch": true}, {"id": 32492701, "price": "1.00920000", "qty": "838.40000000", "quoteQty": "846.11328000", "time": 1692848845675, "isBuyerMaker": true, "isBestMatch": true}, {"id": 32492702, "price": "1.00930000", "qty": "20.00000000", "quoteQty": "20.18600000", "time": 1692848846840, "isBuyerMaker": false, "isBestMatch": true}, {"id": 32492703, "price": "1.00920000", "qty": "72.90000000", "quoteQty": "73.57068000", "time": 1692848856047, "isBuyerMaker": true, "isBestMatch": true}, {"id": 32492704, "price": "1.00930000", "qty": "148.40000000", "quoteQty": "149.78012000", "time": 1692848858686, "isBuyerMaker": false, "isBestMatch": true}, {"id": 32492705, "price": "1.00920000", "qty": "250.00000000", "quoteQty": "252.30000000", "time": 1692848861269, "isBuyerMaker": true, "isBestMatch": true}, {"id": 32492706, "price": "1.00920000", "qty": "95.00000000", "quoteQty": "95.87400000", "time": 1692848861274, "isBuyerMaker": true, "isBestMatch": true}, {"id": 32492707, "price": "1.00920000", "qty": "191.10000000", "quoteQty": "192.85812000", "time": 1692848861324, "isBuyerMaker": true, "isBestMatch": true}, {"id": 32492708, "price": "1.00920000", "qty": "191.10000000", "quoteQty": "192.85812000", "time": 1692848861325, "isBuyerMaker": true, "isBestMatch": true}, {"id": 32492709, "price": "1.00900000", "qty": "198.20000000", "quoteQty": "199.98380000", "time": 1692848861874, "isBuyerMaker": true, "isBestMatch": true}, {"id": 32492710, "price": "1.00910000", "qty": "20.00000000", "quoteQty": "20.18200000", "time": 1692848866440, "isBuyerMaker": false, "isBestMatch": true}, {"id": 32492711, "price": "1.00910000", "qty": "20.00000000", "quoteQty": "20.18200000", "time": 1692848868933, "isBuyerMaker": false, "isBestMatch": true}, {"id": 32492712, "price": "1.00910000", "qty": "20.00000000", "quoteQty": "20.18200000", "time": 1692848879903, "isBuyerMaker": false, "isBestMatch": true}, {"id": 32492713, "price": "1.00910000", "qty": "24.70000000", "quoteQty": "24.92477000", "time": 1692848913868, "isBuyerMaker": false, "isBestMatch": true}, {"id": 32492714, "price": "1.00910000", "qty": "28.90000000", "quoteQty": "29.16299000", "time": 1692848914932, "isBuyerMaker": false, "isBestMatch": true}, {"id": 32492715, "price": "1.00910000", "qty": "295.40000000", "quoteQty": "298.08814000", "time": 1692848914932, "isBuyerMaker": false, "isBestMatch": true}, {"id": 32492716, "price": "1.00910000", "qty": "1301.50000000", "quoteQty": "1313.34365000", "time": 1692848914932, "isBuyerMaker": false, "isBestMatch": true}, {"id": 32492717, "price": "1.00910000", "qty": "49.70000000", "quoteQty": "50.15227000", "time": 1692848914932, "isBuyerMaker": false, "isBestMatch": true}, {"id": 32492718, "price": "1.00910000", "qty": "21.20000000", "quoteQty": "21.39292000", "time": 1692848914932, "isBuyerMaker": false, "isBestMatch": true}, {"id": 32492719, "price": "1.00920000", "qty": "295.60000000", "quoteQty": "298.31952000", "time": 1692848914935, "isBuyerMaker": false, "isBestMatch": true}, {"id": 32492720, "price": "1.00920000", "qty": "886.10000000", "quoteQty": "894.25212000", "time": 1692848914935, "isBuyerMaker": false, "isBestMatch": true}, {"id": 32492721, "price": "1.00910000", "qty": "296.20000000", "quoteQty": "298.89542000", "time": 1692848949450, "isBuyerMaker": true, "isBestMatch": true}, {"id": 32492722, "price": "1.00910000", "qty": "1416.00000000", "quoteQty": "1428.88560000", "time": 1692848949450, "isBuyerMaker": true, "isBestMatch": true}, {"id": 32492723, "price": "1.00910000", "qty": "250.00000000", "quoteQty": "252.27500000", "time": 1692848949450, "isBuyerMaker": true, "isBestMatch": true}, {"id": 32492724, "price": "1.00910000", "qty": "390.80000000", "quoteQty": "394.35628000", "time": 1692848949450, "isBuyerMaker": true, "isBestMatch": true}, {"id": 32492725, "price": "1.00910000", "qty": "2014.80000000", "quoteQty": "2033.13468000", "time": 1692848949450, "isBuyerMaker": true, "isBestMatch": true}, {"id": 32492726, "price": "1.00910000", "qty": "244.40000000", "quoteQty": "246.62404000", "time": 1692848949450, "isBuyerMaker": true, "isBestMatch": true}, {"id": 32492727, "price": "1.00910000", "qty": "338.60000000", "quoteQty": "341.68126000", "time": 1692848949450, "isBuyerMaker": true, "isBestMatch": true}, {"id": 32492728, "price": "1.00920000", "qty": "44.60000000", "quoteQty": "45.01032000", "time": 1692848957690, "isBuyerMaker": false, "isBestMatch": true}, {"id": 32492729, "price": "1.00930000", "qty": "34.60000000", "quoteQty": "34.92178000", "time": 1692849003638, "isBuyerMaker": false, "isBestMatch": true}, {"id": 32492730, "price": "1.00930000", "qty": "93.30000000", "quoteQty": "94.16769000", "time": 1692849003726, "isBuyerMaker": false, "isBestMatch": true}, {"id": 32492731, "price": "1.00930000", "qty": "12.60000000", "quoteQty": "12.71718000", "time": 1692849003726, "isBuyerMaker": false, "isBestMatch": true}, {"id": 32492732, "price": "1.00940000", "qty": "17.70000000", "quoteQty": "17.86638000", "time": 1692849020199, "isBuyerMaker": false, "isBestMatch": true}, {"id": 32492733, "price": "1.00930000", "qty": "15.70000000", "quoteQty": "15.84601000", "time": 1692849057006, "isBuyerMaker": false, "isBestMatch": true}, {"id": 32492734, "price": "1.00920000", "qty": "250.00000000", "quoteQty": "252.30000000", "time": 1692849062324, "isBuyerMaker": true, "isBestMatch": true}, {"id": 32492735, "price": "1.00910000", "qty": "315.60000000", "quoteQty": "318.47196000", "time": 1692849119805, "isBuyerMaker": true, "isBestMatch": true}, {"id": 32492736, "price": "1.00910000", "qty": "1258.30000000", "quoteQty": "1269.75053000", "time": 1692849119805, "isBuyerMaker": true, "isBestMatch": true}, {"id": 32492737, "price": "1.00910000", "qty": "969.30000000", "quoteQty": "978.12063000", "time": 1692849119805, "isBuyerMaker": true, "isBestMatch": true}, {"id": 32492738, "price": "1.00900000", "qty": "9.90000000", "quoteQty": "9.98910000", "time": 1692849123655, "isBuyerMaker": true, "isBestMatch": true}, {"id": 32492739, "price": "1.00900000", "qty": "12.90000000", "quoteQty": "13.01610000", "time": 1692849126410, "isBuyerMaker": true, "isBestMatch": true}, {"id": 32492740, "price": "1.00900000", "qty": "13.90000000", "quoteQty": "14.02510000", "time": 1692849126410, "isBuyerMaker": true, "isBestMatch": true}, {"id": 32492741, "price": "1.00900000", "qty": "12.80000000", "quoteQty": "12.91520000", "time": 1692849129221, "isBuyerMaker": true, "isBestMatch": true}, {"id": 32492742, "price": "1.00900000", "qty": "53.20000000", "quoteQty": "53.67880000", "time": 1692849129221, "isBuyerMaker": true, "isBestMatch": true}, {"id": 32492743, "price": "1.00900000", "qty": "125.10000000", "quoteQty": "126.22590000", "time": 1692849129221, "isBuyerMaker": true, "isBestMatch": true}, {"id": 32492744, "price": "1.00900000", "qty": "124.90000000", "quoteQty": "126.02410000", "time": 1692849129222, "isBuyerMaker": true, "isBestMatch": true}, {"id": 32492745, "price": "1.00900000", "qty": "24.00000000", "quoteQty": "24.21600000", "time": 1692849137253, "isBuyerMaker": false, "isBestMatch": true}, {"id": 32492746, "price": "1.00900000", "qty": "25.10000000", "quoteQty": "25.32590000", "time": 1692849146125, "isBuyerMaker": false, "isBestMatch": true}, {"id": 32492747, "price": "1.00890000", "qty": "14.70000000", "quoteQty": "14.83083000", "time": 1692849162971, "isBuyerMaker": true, "isBestMatch": true}, {"id": 32492748, "price": "1.00900000", "qty": "730.40000000", "quoteQty": "736.97360000", "time": 1692849163071, "isBuyerMaker": false, "isBestMatch": true}, {"id": 32492749, "price": "1.00900000", "qty": "315.60000000", "quoteQty": "318.44040000", "time": 1692849163071, "isBuyerMaker": false, "isBestMatch": true}, {"id": 32492750, "price": "1.00900000", "qty": "236.60000000", "quoteQty": "238.72940000", "time": 1692849163071, "isBuyerMaker": false, "isBestMatch": true}, {"id": 32492751, "price": "1.00900000", "qty": "723.20000000", "quoteQty": "729.70880000", "time": 1692849163071, "isBuyerMaker": false, "isBestMatch": true}, {"id": 32492752, "price": "1.00900000", "qty": "117.70000000", "quoteQty": "118.75930000", "time": 1692849163071, "isBuyerMaker": false, "isBestMatch": true}, {"id": 32492753, "price": "1.00900000", "qty": "20.20000000", "quoteQty": "20.38180000", "time": 1692849163071, "isBuyerMaker": false, "isBestMatch": true}, {"id": 32492754, "price": "1.00920000", "qty": "1200.00000000", "quoteQty": "1211.04000000", "time": 1692849163080, "isBuyerMaker": false, "isBestMatch": true}, {"id": 32492755, "price": "1.00920000", "qty": "78.00000000", "quoteQty": "78.71760000", "time": 1692849163080, "isBuyerMaker": false, "isBestMatch": true}, {"id": 32492756, "price": "1.00920000", "qty": "250.00000000", "quoteQty": "252.30000000", "time": 1692849163080, "isBuyerMaker": false, "isBestMatch": true}, {"id": 32492757, "price": "1.00920000", "qty": "472.00000000", "quoteQty": "476.34240000", "time": 1692849163080, "isBuyerMaker": false, "isBestMatch": true}, {"id": 32492758, "price": "1.00920000", "qty": "12.60000000", "quoteQty": "12.71592000", "time": 1692849178291, "isBuyerMaker": false, "isBestMatch": true}, {"id": 32492759, "price": "1.00910000", "qty": "75.70000000", "quoteQty": "76.38887000", "time": 1692849178299, "isBuyerMaker": true, "isBestMatch": true}, {"id": 32492760, "price": "1.00920000", "qty": "10.80000000", "quoteQty": "10.89936000", "time": 1692849192988, "isBuyerMaker": false, "isBestMatch": true}, {"id": 32492761, "price": "1.00920000", "qty": "72.80000000", "quoteQty": "73.46976000", "time": 1692849200646, "isBuyerMaker": false, "isBestMatch": true}, {"id": 32492762, "price": "1.00940000", "qty": "118.30000000", "quoteQty": "119.41202000", "time": 1692849200646, "isBuyerMaker": false, "isBestMatch": true}, {"id": 32492763, "price": "1.00940000", "qty": "1605.00000000", "quoteQty": "1620.08700000", "time": 1692849207877, "isBuyerMaker": false, "isBestMatch": true}, {"id": 32492764, "price": "1.00940000", "qty": "25.00000000", "quoteQty": "25.23500000", "time": 1692849207877, "isBuyerMaker": false, "isBestMatch": true}, {"id": 32492765, "price": "1.00940000", "qty": "76.50000000", "quoteQty": "77.21910000", "time": 1692849207877, "isBuyerMaker": false, "isBestMatch": true}, {"id": 32492766, "price": "1.00930000", "qty": "28.00000000", "quoteQty": "28.26040000", "time": 1692849233661, "isBuyerMaker": true, "isBestMatch": true}, {"id": 32492767, "price": "1.00940000", "qty": "495.30000000", "quoteQty": "499.95582000", "time": 1692849245763, "isBuyerMaker": false, "isBestMatch": true}, {"id": 32492768, "price": "1.00940000", "qty": "22.60000000", "quoteQty": "22.81244000", "time": 1692849283863, "isBuyerMaker": false, "isBestMatch": true}, {"id": 32492769, "price": "1.00940000", "qty": "13.60000000", "quoteQty": "13.72784000", "time": 1692849283863, "isBuyerMaker": false, "isBestMatch": true}, {"id": 32492770, "price": "1.00940000", "qty": "47.80000000", "quoteQty": "48.24932000", "time": 1692849283863, "isBuyerMaker": false, "isBestMatch": true}, {"id": 32492771, "price": "1.00940000", "qty": "0.10000000", "quoteQty": "0.10094000", "time": 1692849283866, "isBuyerMaker": false, "isBestMatch": true}, {"id": 32492772, "price": "1.00960000", "qty": "250.00000000", "quoteQty": "252.40000000", "time": 1692849283870, "isBuyerMaker": false, "isBestMatch": true}, {"id": 32492773, "price": "1.00960000", "qty": "40.50000000", "quoteQty": "40.88880000", "time": 1692849306421, "isBuyerMaker": true, "isBestMatch": true}, {"id": 32492774, "price": "1.00970000", "qty": "17.10000000", "quoteQty": "17.26587000", "time": 1692849310028, "isBuyerMaker": false, "isBestMatch": true}, {"id": 32492775, "price": "1.00970000", "qty": "77.90000000", "quoteQty": "78.65563000", "time": 1692849323006, "isBuyerMaker": false, "isBestMatch": true}, {"id": 32492776, "price": "1.00970000", "qty": "70.70000000", "quoteQty": "71.38579000", "time": 1692849323006, "isBuyerMaker": false, "isBestMatch": true}, {"id": 32492777, "price": "1.00980000", "qty": "94.00000000", "quoteQty": "94.92120000", "time": 1692849360499, "isBuyerMaker": false, "isBestMatch": true}, {"id": 32492778, "price": "1.00980000", "qty": "99.00000000", "quoteQty": "99.97020000", "time": 1692849376532, "isBuyerMaker": false, "isBestMatch": true}, {"id": 32492779, "price": "1.00970000", "qty": "315.70000000", "quoteQty": "318.76229000", "time": 1692849397285, "isBuyerMaker": true, "isBestMatch": true}, {"id": 32492780, "price": "1.00970000", "qty": "1391.90000000", "quoteQty": "1405.40143000", "time": 1692849397285, "isBuyerMaker": true, "isBestMatch": true}, {"id": 32492781, "price": "1.00970000", "qty": "2335.60000000", "quoteQty": "2358.25532000", "time": 1692849397285, "isBuyerMaker": true, "isBestMatch": true}, {"id": 32492782, "price": "1.00970000", "qty": "660.40000000", "quoteQty": "666.80588000", "time": 1692849397285, "isBuyerMaker": true, "isBestMatch": true}, {"id": 32492783, "price": "1.00970000", "qty": "145.60000000", "quoteQty": "147.01232000", "time": 1692849397285, "isBuyerMaker": true, "isBestMatch": true}