[{"id": 32370432, "price": "0.97640000", "qty": "259.20000000", "quoteQty": "253.08288000", "time": 1692716400364, "isBuyerMaker": false, "isBestMatch": true}, {"id": 32370433, "price": "0.97650000", "qty": "572.50000000", "quoteQty": "559.04625000", "time": 1692716400366, "isBuyerMaker": false, "isBestMatch": true}, {"id": 32370434, "price": "0.97650000", "qty": "211.00000000", "quoteQty": "206.04150000", "time": 1692716400366, "isBuyerMaker": false, "isBestMatch": true}, {"id": 32370435, "price": "0.97650000", "qty": "1922.70000000", "quoteQty": "1877.51655000", "time": 1692716400366, "isBuyerMaker": false, "isBestMatch": true}, {"id": 32370436, "price": "0.97650000", "qty": "166.60000000", "quoteQty": "162.68490000", "time": 1692716400366, "isBuyerMaker": false, "isBestMatch": true}, {"id": 32370437, "price": "0.97650000", "qty": "464.60000000", "quoteQty": "453.68190000", "time": 1692716400366, "isBuyerMaker": false, "isBestMatch": true}, {"id": 32370438, "price": "0.97650000", "qty": "257.20000000", "quoteQty": "251.15580000", "time": 1692716400366, "isBuyerMaker": false, "isBestMatch": true}, {"id": 32370439, "price": "0.97650000", "qty": "312.30000000", "quoteQty": "304.96095000", "time": 1692716400366, "isBuyerMaker": false, "isBestMatch": true}, {"id": 32370440, "price": "0.97650000", "qty": "998.00000000", "quoteQty": "974.54700000", "time": 1692716400366, "isBuyerMaker": false, "isBestMatch": true}, {"id": 32370441, "price": "0.97650000", "qty": "1402.00000000", "quoteQty": "1369.05300000", "time": 1692716400367, "isBuyerMaker": false, "isBestMatch": true}, {"id": 32370442, "price": "0.97650000", "qty": "1508.40000000", "quoteQty": "1472.95260000", "time": 1692716400367, "isBuyerMaker": false, "isBestMatch": true}, {"id": 32370443, "price": "0.97650000", "qty": "91.60000000", "quoteQty": "89.44740000", "time": 1692716400371, "isBuyerMaker": false, "isBestMatch": true}, {"id": 32370444, "price": "0.97660000", "qty": "842.40000000", "quoteQty": "822.68784000", "time": 1692716400388, "isBuyerMaker": false, "isBestMatch": true}, {"id": 32370445, "price": "0.97660000", "qty": "18.00000000", "quoteQty": "17.57880000", "time": 1692716400388, "isBuyerMaker": false, "isBestMatch": true}, {"id": 32370446, "price": "0.97660000", "qty": "369.20000000", "quoteQty": "360.56072000", "time": 1692716400388, "isBuyerMaker": false, "isBestMatch": true}, {"id": 32370447, "price": "0.97670000", "qty": "210.50000000", "quoteQty": "205.59535000", "time": 1692716400411, "isBuyerMaker": false, "isBestMatch": true}, {"id": 32370448, "price": "0.97670000", "qty": "505.70000000", "quoteQty": "493.91719000", "time": 1692716400411, "isBuyerMaker": false, "isBestMatch": true}, {"id": 32370449, "price": "0.97680000", "qty": "18.00000000", "quoteQty": "17.58240000", "time": 1692716404945, "isBuyerMaker": false, "isBestMatch": true}, {"id": 32370450, "price": "0.97700000", "qty": "195.50000000", "quoteQty": "191.00350000", "time": 1692716408918, "isBuyerMaker": true, "isBestMatch": true}, {"id": 32370451, "price": "0.97700000", "qty": "210.70000000", "quoteQty": "205.85390000", "time": 1692716408918, "isBuyerMaker": true, "isBestMatch": true}, {"id": 32370452, "price": "0.97700000", "qty": "630.90000000", "quoteQty": "616.38930000", "time": 1692716408918, "isBuyerMaker": true, "isBestMatch": true}, {"id": 32370453, "price": "0.97700000", "qty": "2079.10000000", "quoteQty": "2031.28070000", "time": 1692716408918, "isBuyerMaker": true, "isBestMatch": true}, {"id": 32370454, "price": "0.97700000", "qty": "745.00000000", "quoteQty": "727.86500000", "time": 1692716408918, "isBuyerMaker": true, "isBestMatch": true}, {"id": 32370455, "price": "0.97700000", "qty": "801.30000000", "quoteQty": "782.87010000", "time": 1692716408918, "isBuyerMaker": true, "isBestMatch": true}, {"id": 32370456, "price": "0.97700000", "qty": "1581.80000000", "quoteQty": "1545.41860000", "time": 1692716408918, "isBuyerMaker": true, "isBestMatch": true}, {"id": 32370457, "price": "0.97700000", "qty": "295.90000000", "quoteQty": "289.09430000", "time": 1692716408918, "isBuyerMaker": true, "isBestMatch": true}, {"id": 32370458, "price": "0.97700000", "qty": "811.60000000", "quoteQty": "792.93320000", "time": 1692716408918, "isBuyerMaker": true, "isBestMatch": true}, {"id": 32370459, "price": "0.97690000", "qty": "210.80000000", "quoteQty": "205.93052000", "time": 1692716408918, "isBuyerMaker": true, "isBestMatch": true}, {"id": 32370460, "price": "0.97690000", "qty": "195.50000000", "quoteQty": "190.98395000", "time": 1692716408918, "isBuyerMaker": true, "isBestMatch": true}, {"id": 32370461, "price": "0.97690000", "qty": "745.00000000", "quoteQty": "727.79050000", "time": 1692716408918, "isBuyerMaker": true, "isBestMatch": true}, {"id": 32370462, "price": "0.97690000", "qty": "674.10000000", "quoteQty": "658.52829000", "time": 1692716408918, "isBuyerMaker": true, "isBestMatch": true}, {"id": 32370463, "price": "0.97690000", "qty": "674.10000000", "quoteQty": "658.52829000", "time": 1692716408918, "isBuyerMaker": true, "isBestMatch": true}, {"id": 32370464, "price": "0.97690000", "qty": "406.60000000", "quoteQty": "397.20754000", "time": 1692716408918, "isBuyerMaker": true, "isBestMatch": true}, {"id": 32370465, "price": "0.97690000", "qty": "534.80000000", "quoteQty": "522.44612000", "time": 1692716408918, "isBuyerMaker": true, "isBestMatch": true}, {"id": 32370466, "price": "0.97680000", "qty": "195.50000000", "quoteQty": "190.96440000", "time": 1692716408918, "isBuyerMaker": true, "isBestMatch": true}, {"id": 32370467, "price": "0.97680000", "qty": "210.90000000", "quoteQty": "206.00712000", "time": 1692716408918, "isBuyerMaker": true, "isBestMatch": true}, {"id": 32370468, "price": "0.97680000", "qty": "745.00000000", "quoteQty": "727.71600000", "time": 1692716408918, "isBuyerMaker": true, "isBestMatch": true}, {"id": 32370469, "price": "0.97680000", "qty": "631.70000000", "quoteQty": "617.04456000", "time": 1692716408918, "isBuyerMaker": true, "isBestMatch": true}, {"id": 32370470, "price": "0.97670000", "qty": "195.50000000", "quoteQty": "190.94485000", "time": 1692716408918, "isBuyerMaker": true, "isBestMatch": true}, {"id": 32370471, "price": "0.97670000", "qty": "211.20000000", "quoteQty": "206.27904000", "time": 1692716408918, "isBuyerMaker": true, "isBestMatch": true}, {"id": 32370472, "price": "0.97670000", "qty": "745.00000000", "quoteQty": "727.64150000", "time": 1692716408918, "isBuyerMaker": true, "isBestMatch": true}, {"id": 32370473, "price": "0.97670000", "qty": "250.00000000", "quoteQty": "244.17500000", "time": 1692716408918, "isBuyerMaker": true, "isBestMatch": true}, {"id": 32370474, "price": "0.97670000", "qty": "631.50000000", "quoteQty": "616.78605000", "time": 1692716408918, "isBuyerMaker": true, "isBestMatch": true}, {"id": 32370475, "price": "0.97660000", "qty": "195.50000000", "quoteQty": "190.92530000", "time": 1692716408918, "isBuyerMaker": true, "isBestMatch": true}, {"id": 32370476, "price": "0.97660000", "qty": "210.70000000", "quoteQty": "205.76962000", "time": 1692716408918, "isBuyerMaker": true, "isBestMatch": true}, {"id": 32370477, "price": "0.97660000", "qty": "745.00000000", "quoteQty": "727.56700000", "time": 1692716408918, "isBuyerMaker": true, "isBestMatch": true}, {"id": 32370478, "price": "0.97660000", "qty": "353.60000000", "quoteQty": "345.32576000", "time": 1692716408918, "isBuyerMaker": true, "isBestMatch": true}, {"id": 32370479, "price": "0.97660000", "qty": "250.00000000", "quoteQty": "244.15000000", "time": 1692716408918, "isBuyerMaker": true, "isBestMatch": true}, {"id": 32370480, "price": "0.97660000", "qty": "277.60000000", "quoteQty": "271.10416000", "time": 1692716408918, "isBuyerMaker": true, "isBestMatch": true}, {"id": 32370481, "price": "0.97660000", "qty": "1999.20000000", "quoteQty": "1952.41872000", "time": 1692716408918, "isBuyerMaker": true, "isBestMatch": true}, {"id": 32370482, "price": "0.97660000", "qty": "18.00000000", "quoteQty": "17.57880000", "time": 1692716408918, "isBuyerMaker": true, "isBestMatch": true}, {"id": 32370483, "price": "0.97650000", "qty": "195.50000000", "quoteQty": "190.90575000", "time": 1692716408918, "isBuyerMaker": true, "isBestMatch": true}, {"id": 32370484, "price": "0.97650000", "qty": "211.30000000", "quoteQty": "206.33445000", "time": 1692716408918, "isBuyerMaker": true, "isBestMatch": true}, {"id": 32370485, "price": "0.97650000", "qty": "565.80000000", "quoteQty": "552.50370000", "time": 1692716408918, "isBuyerMaker": true, "isBestMatch": true}, {"id": 32370486, "price": "0.97650000", "qty": "745.00000000", "quoteQty": "727.49250000", "time": 1692716408918, "isBuyerMaker": true, "isBestMatch": true}, {"id": 32370487, "price": "0.97650000", "qty": "70.10000000", "quoteQty": "68.45265000", "time": 1692716408918, "isBuyerMaker": true, "isBestMatch": true}, {"id": 32370488, "price": "0.97650000", "qty": "1600.00000000", "quoteQty": "1562.40000000", "time": 1692716408918, "isBuyerMaker": true, "isBestMatch": true}, {"id": 32370489, "price": "0.97650000", "qty": "2953.70000000", "quoteQty": "2884.28805000", "time": 1692716408918, "isBuyerMaker": true, "isBestMatch": true}, {"id": 32370490, "price": "0.97660000", "qty": "15.30000000", "quoteQty": "14.94198000", "time": 1692716413134, "isBuyerMaker": false, "isBestMatch": true}, {"id": 32370491, "price": "0.97670000", "qty": "11.20000000", "quoteQty": "10.93904000", "time": 1692716424350, "isBuyerMaker": true, "isBestMatch": true}, {"id": 32370492, "price": "0.97700000", "qty": "250.00000000", "quoteQty": "244.25000000", "time": 1692716435513, "isBuyerMaker": true, "isBestMatch": true}, {"id": 32370493, "price": "0.97700000", "qty": "9.00000000", "quoteQty": "8.79300000", "time": 1692716435516, "isBuyerMaker": true, "isBestMatch": true}, {"id": 32370494, "price": "0.97690000", "qty": "210.50000000", "quoteQty": "205.63745000", "time": 1692716435609, "isBuyerMaker": true, "isBestMatch": true}, {"id": 32370495, "price": "0.97700000", "qty": "100.00000000", "quoteQty": "97.70000000", "time": 1692716438296, "isBuyerMaker": false, "isBestMatch": true}, {"id": 32370496, "price": "0.97690000", "qty": "211.10000000", "quoteQty": "206.22359000", "time": 1692716443667, "isBuyerMaker": true, "isBestMatch": true}, {"id": 32370497, "price": "0.97690000", "qty": "232.50000000", "quoteQty": "227.12925000", "time": 1692716443667, "isBuyerMaker": true, "isBestMatch": true}, {"id": 32370498, "price": "0.97680000", "qty": "211.20000000", "quoteQty": "206.30016000", "time": 1692716443726, "isBuyerMaker": true, "isBestMatch": true}, {"id": 32370499, "price": "0.97670000", "qty": "210.80000000", "quoteQty": "205.88836000", "time": 1692716444577, "isBuyerMaker": true, "isBestMatch": true}, {"id": 32370500, "price": "0.97670000", "qty": "322.10000000", "quoteQty": "314.59507000", "time": 1692716444577, "isBuyerMaker": true, "isBestMatch": true}, {"id": 32370501, "price": "0.97660000", "qty": "31.00000000", "quoteQty": "30.27460000", "time": 1692716444688, "isBuyerMaker": true, "isBestMatch": true}, {"id": 32370502, "price": "0.97650000", "qty": "599.80000000", "quoteQty": "585.70470000", "time": 1692716445153, "isBuyerMaker": true, "isBestMatch": true}, {"id": 32370503, "price": "0.97640000", "qty": "40.20000000", "quoteQty": "39.25128000", "time": 1692716445439, "isBuyerMaker": true, "isBestMatch": true}, {"id": 32370504, "price": "0.97640000", "qty": "250.00000000", "quoteQty": "244.10000000", "time": 1692716445439, "isBuyerMaker": true, "isBestMatch": true}, {"id": 32370505, "price": "0.97630000", "qty": "210.80000000", "quoteQty": "205.80404000", "time": 1692716445439, "isBuyerMaker": true, "isBestMatch": true}, {"id": 32370506, "price": "0.97630000", "qty": "785.00000000", "quoteQty": "766.39550000", "time": 1692716445439, "isBuyerMaker": true, "isBestMatch": true}, {"id": 32370507, "price": "0.97630000", "qty": "457.50000000", "quoteQty": "446.65725000", "time": 1692716445439, "isBuyerMaker": true, "isBestMatch": true}, {"id": 32370508, "price": "0.97630000", "qty": "1642.50000000", "quoteQty": "1603.57275000", "time": 1692716445439, "isBuyerMaker": true, "isBestMatch": true}, {"id": 32370509, "price": "0.97630000", "qty": "703.00000000", "quoteQty": "686.33890000", "time": 1692716445439, "isBuyerMaker": true, "isBestMatch": true}, {"id": 32370510, "price": "0.97620000", "qty": "785.00000000", "quoteQty": "766.31700000", "time": 1692716445439, "isBuyerMaker": true, "isBestMatch": true}, {"id": 32370511, "price": "0.97620000", "qty": "210.90000000", "quoteQty": "205.88058000", "time": 1692716445439, "isBuyerMaker": true, "isBestMatch": true}, {"id": 32370512, "price": "0.97620000", "qty": "434.00000000", "quoteQty": "423.67080000", "time": 1692716445439, "isBuyerMaker": true, "isBestMatch": true}, {"id": 32370513, "price": "0.97610000", "qty": "21.40000000", "quoteQty": "20.88854000", "time": 1692716445439, "isBuyerMaker": true, "isBestMatch": true}, {"id": 32370514, "price": "0.97610000", "qty": "211.00000000", "quoteQty": "205.95710000", "time": 1692716445439, "isBuyerMaker": true, "isBestMatch": true}, {"id": 32370515, "price": "0.97610000", "qty": "789.00000000", "quoteQty": "770.14290000", "time": 1692716445439, "isBuyerMaker": true, "isBestMatch": true}, {"id": 32370516, "price": "0.97610000", "qty": "1010.50000000", "quoteQty": "986.34905000", "time": 1692716445439, "isBuyerMaker": true, "isBestMatch": true}, {"id": 32370517, "price": "0.97600000", "qty": "789.00000000", "quoteQty": "770.06400000", "time": 1692716445439, "isBuyerMaker": true, "isBestMatch": true}, {"id": 32370518, "price": "0.97600000", "qty": "842.00000000", "quoteQty": "821.79200000", "time": 1692716445439, "isBuyerMaker": true, "isBestMatch": true}, {"id": 32370519, "price": "0.97600000", "qty": "39.30000000", "quoteQty": "38.35680000", "time": 1692716445439, "isBuyerMaker": true, "isBestMatch": true}, {"id": 32370520, "price": "0.97600000", "qty": "1305.10000000", "quoteQty": "1273.77760000", "time": 1692716445439, "isBuyerMaker": true, "isBestMatch": true}, {"id": 32370521, "price": "0.97600000", "qty": "1907.40000000", "quoteQty": "1861.62240000", "time": 1692716445439, "isBuyerMaker": true, "isBestMatch": true}, {"id": 32370522, "price": "0.97600000", "qty": "66.40000000", "quoteQty": "64.80640000", "time": 1692716445451, "isBuyerMaker": false, "isBestMatch": true}, {"id": 32370523, "price": "0.97600000", "qty": "195.40000000", "quoteQty": "190.71040000", "time": 1692716445451, "isBuyerMaker": false, "isBestMatch": true}, {"id": 32370524, "price": "0.97610000", "qty": "672.00000000", "quoteQty": "655.93920000", "time": 1692716448009, "isBuyerMaker": false, "isBestMatch": true}, {"id": 32370525, "price": "0.97640000", "qty": "211.10000000", "quoteQty": "206.11804000", "time": 1692716457218, "isBuyerMaker": true, "isBestMatch": true}, {"id": 32370526, "price": "0.97640000", "qty": "801.30000000", "quoteQty": "782.38932000", "time": 1692716457218, "isBuyerMaker": true, "isBestMatch": true}, {"id": 32370527, "price": "0.97640000", "qty": "630.90000000", "quoteQty": "616.01076000", "time": 1692716457218, "isBuyerMaker": true, "isBestMatch": true}, {"id": 32370528, "price": "0.97640000", "qty": "60.30000000", "quoteQty": "58.87692000", "time": 1692716457218, "isBuyerMaker": true, "isBestMatch": true}, {"id": 32370529, "price": "0.97640000", "qty": "1201.40000000", "quoteQty": "1173.04696000", "time": 1692716457218, "isBuyerMaker": true, "isBestMatch": true}, {"id": 32370530, "price": "0.97640000", "qty": "250.00000000", "quoteQty": "244.10000000", "time": 1692716457218, "isBuyerMaker": true, "isBestMatch": true}, {"id": 32370531, "price": "0.97640000", "qty": "751.90000000", "quoteQty": "734.15516000", "time": 1692716457218, "isBuyerMaker": true, "isBestMatch": true}, {"id": 32370532, "price": "0.97640000", "qty": "282.80000000", "quoteQty": "276.12592000", "time": 1692716457218, "isBuyerMaker": true, "isBestMatch": true}, {"id": 32370533, "price": "0.97640000", "qty": "19.80000000", "quoteQty": "19.33272000", "time": 1692716457218, "isBuyerMaker": true, "isBestMatch": true}, {"id": 32370534, "price": "0.97630000", "qty": "210.40000000", "quoteQty": "205.41352000", "time": 1692716457218, "isBuyerMaker": true, "isBestMatch": true}, {"id": 32370535, "price": "0.97630000", "qty": "1464.10000000", "quoteQty": "1429.40083000", "time": 1692716457218, "isBuyerMaker": true, "isBestMatch": true}, {"id": 32370536, "price": "0.97630000", "qty": "250.00000000", "quoteQty": "244.07500000", "time": 1692716457218, "isBuyerMaker": true, "isBestMatch": true}, {"id": 32370537, "price": "0.97630000", "qty": "332.50000000", "quoteQty": "324.61975000", "time": 1692716457218, "isBuyerMaker": true, "isBestMatch": true}, {"id": 32370538, "price": "0.97630000", "qty": "255.80000000", "quoteQty": "249.73754000", "time": 1692716457218, "isBuyerMaker": true, "isBestMatch": true}, {"id": 32370539, "price": "0.97620000", "qty": "211.00000000", "quoteQty": "205.97820000", "time": 1692716457218, "isBuyerMaker": true, "isBestMatch": true}, {"id": 32370540, "price": "0.97620000", "qty": "191.10000000", "quoteQty": "186.55182000", "time": 1692716457218, "isBuyerMaker": true, "isBestMatch": true}, {"id": 32370541, "price": "0.97620000", "qty": "250.00000000", "quoteQty": "244.05000000", "time": 1692716457218, "isBuyerMaker": true, "isBestMatch": true}, {"id": 32370542, "price": "0.97620000", "qty": "587.90000000", "quoteQty": "573.90798000", "time": 1692716457218, "isBuyerMaker": true, "isBestMatch": true}, {"id": 32370543, "price": "0.97620000", "qty": "471.20000000", "quoteQty": "459.98544000", "time": 1692716457218, "isBuyerMaker": true, "isBestMatch": true}, {"id": 32370544, "price": "0.97610000", "qty": "210.50000000", "quoteQty": "205.46905000", "time": 1692716457218, "isBuyerMaker": true, "isBestMatch": true}, {"id": 32370545, "price": "0.97610000", "qty": "1877.60000000", "quoteQty": "1832.72536000", "time": 1692716457218, "isBuyerMaker": true, "isBestMatch": true}, {"id": 32370546, "price": "0.97610000", "qty": "471.20000000", "quoteQty": "459.93832000", "time": 1692716457218, "isBuyerMaker": true, "isBestMatch": true}, {"id": 32370547, "price": "0.97610000", "qty": "587.80000000", "quoteQty": "573.75158000", "time": 1692716457218, "isBuyerMaker": true, "isBestMatch": true}, {"id": 32370548, "price": "0.97600000", "qty": "211.00000000", "quoteQty": "205.93600000", "time": 1692716457218, "isBuyerMaker": true, "isBestMatch": true}, {"id": 32370549, "price": "0.97600000", "qty": "20.40000000", "quoteQty": "19.91040000", "time": 1692716457218, "isBuyerMaker": true, "isBestMatch": true}, {"id": 32370550, "price": "0.97600000", "qty": "688.00000000", "quoteQty": "671.48800000", "time": 1692716457218, "isBuyerMaker": true, "isBestMatch": true}, {"id": 32370551, "price": "0.97610000", "qty": "386.40000000", "quoteQty": "377.16504000", "time": 1692716457221, "isBuyerMaker": false, "isBestMatch": true}, {"id": 32370552, "price": "0.97610000", "qty": "672.00000000", "quoteQty": "655.93920000", "time": 1692716457227, "isBuyerMaker": false, "isBestMatch": true}, {"id": 32370553, "price": "0.97620000", "qty": "20.20000000", "quoteQty": "19.71924000", "time": 1692716457229, "isBuyerMaker": false, "isBestMatch": true}, {"id": 32370554, "price": "0.97620000", "qty": "301.30000000", "quoteQty": "294.12906000", "time": 1692716457229, "isBuyerMaker": false, "isBestMatch": true}, {"id": 32370555, "price": "0.97610000", "qty": "195.50000000", "quoteQty": "190.82755000", "time": 1692716457230, "isBuyerMaker": false, "isBestMatch": true}, {"id": 32370556, "price": "0.97620000", "qty": "663.40000000", "quoteQty": "647.61108000", "time": 1692716457230, "isBuyerMaker": false, "isBestMatch": true}, {"id": 32370557, "price": "0.97620000", "qty": "672.00000000", "quoteQty": "656.00640000", "time": 1692716457240, "isBuyerMaker": false, "isBestMatch": true}, {"id": 32370558, "price": "0.97620000", "qty": "663.40000000", "quoteQty": "647.61108000", "time": 1692716457240, "isBuyerMaker": false, "isBestMatch": true}, {"id": 32370559, "price": "0.97620000", "qty": "801.30000000", "quoteQty": "782.22906000", "time": 1692716457247, "isBuyerMaker": false, "isBestMatch": true}, {"id": 32370560, "price": "0.97620000", "qty": "672.00000000", "quoteQty": "656.00640000", "time": 1692716459852, "isBuyerMaker": false, "isBestMatch": true}, {"id": 32370561, "price": "0.97620000", "qty": "250.00000000", "quoteQty": "244.05000000", "time": 1692716459852, "isBuyerMaker": false, "isBestMatch": true}, {"id": 32370562, "price": "0.97620000", "qty": "258.80000000", "quoteQty": "252.64056000", "time": 1692716459852, "isBuyerMaker": false, "isBestMatch": true}, {"id": 32370563, "price": "0.97640000", "qty": "630.90000000", "quoteQty": "616.01076000", "time": 1692716460178, "isBuyerMaker": false, "isBestMatch": true}, {"id": 32370564, "price": "0.97640000", "qty": "258.00000000", "quoteQty": "251.91120000", "time": 1692716460178, "isBuyerMaker": false, "isBestMatch": true}, {"id": 32370565, "price": "0.97640000", "qty": "21.60000000", "quoteQty": "21.09024000", "time": 1692716460183, "isBuyerMaker": false, "isBestMatch": true}, {"id": 32370566, "price": "0.97640000", "qty": "760.70000000", "quoteQty": "742.74748000", "time": 1692716466793, "isBuyerMaker": true, "isBestMatch": true}, {"id": 32370567, "price": "0.97640000", "qty": "13.10000000", "quoteQty": "12.79084000", "time": 1692716466793, "isBuyerMaker": true, "isBestMatch": true}, {"id": 32370568, "price": "0.97640000", "qty": "706.60000000", "quoteQty": "689.92424000", "time": 1692716466793, "isBuyerMaker": true, "isBestMatch": true}, {"id": 32370569, "price": "0.97630000", "qty": "250.00000000", "quoteQty": "244.07500000", "time": 1692716468974, "isBuyerMaker": true, "isBestMatch": true}, {"id": 32370570, "price": "0.97620000", "qty": "798.70000000", "quoteQty": "779.69094000", "time": 1692716468978, "isBuyerMaker": true, "isBestMatch": true}, {"id": 32370571, "price": "0.97610000", "qty": "33.00000000", "quoteQty": "32.21130000", "time": 1692716469862, "isBuyerMaker": false, "isBestMatch": true}, {"id": 32370572, "price": "0.97620000", "qty": "630.90000000", "quoteQty": "615.88458000", "time": 1692716471860, "isBuyerMaker": false, "isBestMatch": true}, {"id": 32370573, "price": "0.97640000", "qty": "509.10000000", "quoteQty": "497.08524000", "time": 1692716475560, "isBuyerMaker": true, "isBestMatch": true}, {"id": 32370574, "price": "0.97640000", "qty": "20.40000000", "quoteQty": "19.91856000", "time": 1692716475560, "isBuyerMaker": true, "isBestMatch": true}, {"id": 32370575, "price": "0.97640000", "qty": "623.30000000", "quoteQty": "608.59012000", "time": 1692716484940, "isBuyerMaker": true, "isBestMatch": true}, {"id": 32370576, "price": "0.97640000", "qty": "755.90000000", "quoteQty": "738.06076000", "time": 1692716484940, "isBuyerMaker": true, "isBestMatch": true}, {"id": 32370577, "price": "0.97640000", "qty": "323.50000000", "quoteQty": "315.86540000", "time": 1692716484940, "isBuyerMaker": true, "isBestMatch": true}, {"id": 32370578, "price": "0.97610000", "qty": "250.00000000", "quoteQty": "244.02500000", "time": 1692716491444, "isBuyerMaker": true, "isBestMatch": true}, {"id": 32370579, "price": "0.97610000", "qty": "380.90000000", "quoteQty": "371.79649000", "time": 1692716491447, "isBuyerMaker": true, "isBestMatch": true}, {"id": 32370580, "price": "0.97610000", "qty": "798.60000000", "quoteQty": "779.51346000", "time": 1692716491447, "isBuyerMaker": true, "isBestMatch": true}, {"id": 32370581, "price": "0.97610000", "qty": "606.00000000", "quoteQty": "591.51660000", "time": 1692716496008, "isBuyerMaker": false, "isBestMatch": true}, {"id": 32370582, "price": "0.97620000", "qty": "256.00000000", "quoteQty": "249.90720000", "time": 1692716496167, "isBuyerMaker": false, "isBestMatch": true}, {"id": 32370583, "price": "0.97630000", "qty": "606.00000000", "quoteQty": "591.63780000", "time": 1692716500223, "isBuyerMaker": false, "isBestMatch": true}, {"id": 32370584, "price": "0.97630000", "qty": "250.00000000", "quoteQty": "244.07500000", "time": 1692716500223, "isBuyerMaker": false, "isBestMatch": true}, {"id": 32370585, "price": "0.97630000", "qty": "934.40000000", "quoteQty": "912.25472000", "time": 1692716500223, "isBuyerMaker": false, "isBestMatch": true}, {"id": 32370586, "price": "0.97660000", "qty": "110.10000000", "quoteQty": "107.52366000", "time": 1692716502301, "isBuyerMaker": false, "isBestMatch": true}, {"id": 32370587, "price": "0.97640000", "qty": "165.50000000", "quoteQty": "161.59420000", "time": 1692716506539, "isBuyerMaker": true, "isBestMatch": true}, {"id": 32370588, "price": "0.97650000", "qty": "788.10000000", "quoteQty": "769.57965000", "time": 1692716515382, "isBuyerMaker": false, "isBestMatch": true}, {"id": 32370589, "price": "0.97650000", "qty": "710.40000000", "quoteQty": "693.70560000", "time": 1692716515386, "isBuyerMaker": false, "isBestMatch": true}, {"id": 32370590, "price": "0.97650000", "qty": "77.70000000", "quoteQty": "75.87405000", "time": 1692716515386, "isBuyerMaker": false, "isBestMatch": true}, {"id": 32370591, "price": "0.97680000", "qty": "79.50000000", "quoteQty": "77.65560000", "time": 1692716517595, "isBuyerMaker": true, "isBestMatch": true}, {"id": 32370592, "price": "0.97690000", "qty": "363.00000000", "quoteQty": "354.61470000", "time": 1692716517752, "isBuyerMaker": false, "isBestMatch": true}, {"id": 32370593, "price": "0.97700000", "qty": "21.40000000", "quoteQty": "20.90780000", "time": 1692716521570, "isBuyerMaker": false, "isBestMatch": true}, {"id": 32370594, "price": "0.97700000", "qty": "1960.00000000", "quoteQty": "1914.92000000", "time": 1692716521570, "isBuyerMaker": false, "isBestMatch": true}, {"id": 32370595, "price": "0.97720000", "qty": "15.90000000", "quoteQty": "15.53748000", "time": 1692716522227, "isBuyerMaker": false, "isBestMatch": true}, {"id": 32370596, "price": "0.97720000", "qty": "687.10000000", "quoteQty": "671.43412000", "time": 1692716524225, "isBuyerMaker": false, "isBestMatch": true}, {"id": 32370597, "price": "0.97730000", "qty": "511.50000000", "quoteQty": "499.88895000", "time": 1692716534620, "isBuyerMaker": false, "isBestMatch": true}, {"id": 32370598, "price": "0.97720000", "qty": "20.00000000", "quoteQty": "19.54400000", "time": 1692716535206, "isBuyerMaker": true, "isBestMatch": true}, {"id": 32370599, "price": "0.97720000", "qty": "778.80000000", "quoteQty": "761.04336000", "time": 1692716535210, "isBuyerMaker": true, "isBestMatch": true}, {"id": 32370600, "price": "0.97720000", "qty": "309.30000000", "quoteQty": "302.24796000", "time": 1692716535210, "isBuyerMaker": true, "isBestMatch": true}, {"id": 32370601, "price": "0.97690000", "qty": "798.60000000", "quoteQty": "780.15234000", "time": 1692716535379, "isBuyerMaker": true, "isBestMatch": true}, {"id": 32370602, "price": "0.97690000", "qty": "250.00000000", "quoteQty": "244.22500000", "time": 1692716535379, "isBuyerMaker": true, "isBestMatch": true}, {"id": 32370603, "price": "0.97690000", "qty": "527.70000000", "quoteQty": "515.51013000", "time": 1692716535379, "isBuyerMaker": true, "isBestMatch": true}, {"id": 32370604, "price": "0.97690000", "qty": "835.10000000", "quoteQty": "815.80919000", "time": 1692716541822, "isBuyerMaker": true, "isBestMatch": true}, {"id": 32370605, "price": "0.97690000", "qty": "369.90000000", "quoteQty": "361.35531000", "time": 1692716541828, "isBuyerMaker": true, "isBestMatch": true}, {"id": 32370606, "price": "0.97690000", "qty": "725.40000000", "quoteQty": "708.64326000", "time": 1692716541828, "isBuyerMaker": true, "isBestMatch": true}, {"id": 32370607, "price": "0.97660000", "qty": "153.50000000", "quoteQty": "149.90810000", "time": 1692716547267, "isBuyerMaker": false, "isBestMatch": true}, {"id": 32370608, "price": "0.97630000", "qty": "416.20000000", "quoteQty": "406.33606000", "time": 1692716549882, "isBuyerMaker": true, "isBestMatch": true}, {"id": 32370609, "price": "0.97630000", "qty": "171.60000000", "quoteQty": "167.53308000", "time": 1692716549882, "isBuyerMaker": true, "isBestMatch": true}, {"id": 32370610, "price": "0.97630000", "qty": "78.40000000", "quoteQty": "76.54192000", "time": 1692716549882, "isBuyerMaker": true, "isBestMatch": true}, {"id": 32370611, "price": "0.97620000", "qty": "389.80000000", "quoteQty": "380.52276000", "time": 1692716550159, "isBuyerMaker": true, "isBestMatch": true}, {"id": 32370612, "price": "0.97620000", "qty": "142.90000000", "quoteQty": "139.49898000", "time": 1692716550159, "isBuyerMaker": true, "isBestMatch": true}, {"id": 32370613, "price": "0.97620000", "qty": "195.50000000", "quoteQty": "190.84710000", "time": 1692716550396, "isBuyerMaker": false, "isBestMatch": true}, {"id": 32370614, "price": "0.97620000", "qty": "120.50000000", "quoteQty": "117.63210000", "time": 1692716550396, "isBuyerMaker": false, "isBestMatch": true}, {"id": 32370615, "price": "0.97620000", "qty": "218.40000000", "quoteQty": "213.20208000", "time": 1692716550764, "isBuyerMaker": false, "isBestMatch": true}, {"id": 32370616, "price": "0.97620000", "qty": "89.00000000", "quoteQty": "86.88180000", "time": 1692716550774, "isBuyerMaker": false, "isBestMatch": true}, {"id": 32370617, "price": "0.97620000", "qty": "145.60000000", "quoteQty": "142.13472000", "time": 1692716550774, "isBuyerMaker": false, "isBestMatch": true}, {"id": 32370618, "price": "0.97640000", "qty": "1717.00000000", "quoteQty": "1676.47880000", "time": 1692716561453, "isBuyerMaker": false, "isBestMatch": true}, {"id": 32370619, "price": "0.97650000", "qty": "165.80000000", "quoteQty": "161.90370000", "time": 1692716562980, "isBuyerMaker": false, "isBestMatch": true}, {"id": 32370620, "price": "0.97650000", "qty": "8.10000000", "quoteQty": "7.90965000", "time": 1692716562980, "isBuyerMaker": false, "isBestMatch": true}, {"id": 32370621, "price": "0.97650000", "qty": "187.50000000", "quoteQty": "183.09375000", "time": 1692716563708, "isBuyerMaker": false, "isBestMatch": true}, {"id": 32370622, "price": "0.97650000", "qty": "1051.40000000", "quoteQty": "1026.69210000", "time": 1692716563708, "isBuyerMaker": false, "isBestMatch": true}, {"id": 32370623, "price": "0.97650000", "qty": "801.30000000", "quoteQty": "782.46945000", "time": 1692716563708, "isBuyerMaker": false, "isBestMatch": true}, {"id": 32370624, "price": "0.97650000", "qty": "814.00000000", "quoteQty": "794.87100000", "time": 1692716563708, "isBuyerMaker": false, "isBestMatch": true}, {"id": 32370625, "price": "0.97650000", "qty": "1282.20000000", "quoteQty": "1252.06830000", "time": 1692716563708, "isBuyerMaker": false, "isBestMatch": true}, {"id": 32370626, "price": "0.97650000", "qty": "1404.50000000", "quoteQty": "1371.49425000", "time": 1692716563708, "isBuyerMaker": false, "isBestMatch": true}, {"id": 32370627, "price": "0.97650000", "qty": "1404.50000000", "quoteQty": "1371.49425000", "time": 1692716563708, "isBuyerMaker": false, "isBestMatch": true}, {"id": 32370628, "price": "0.97660000", "qty": "738.00000000", "quoteQty": "720.73080000", "time": 1692716563708, "isBuyerMaker": false, "isBestMatch": true}, {"id": 32370629, "price": "0.97660000", "qty": "250.00000000", "quoteQty": "244.15000000", "time": 1692716563708, "isBuyerMaker": false, "isBestMatch": true}, {"id": 32370630, "price": "0.97660000", "qty": "290.90000000", "quoteQty": "284.09294000", "time": 1692716563708, "isBuyerMaker": false, "isBestMatch": true}, {"id": 32370631, "price": "0.97660000", "qty": "501.90000000", "quoteQty": "490.15554000", "time": 1692716563708, "isBuyerMaker": false, "isBestMatch": true}, {"id": 32370632, "price": "0.97670000", "qty": "250.00000000", "quoteQty": "244.17500000", "time": 1692716563708, "isBuyerMaker": false, "isBestMatch": true}, {"id": 32370633, "price": "0.97670000", "qty": "738.00000000", "quoteQty": "720.80460000", "time": 1692716563708, "isBuyerMaker": false, "isBestMatch": true}, {"id": 32370634, "price": "0.97670000", "qty": "799.20000000", "quoteQty": "780.57864000", "time": 1692716563708, "isBuyerMaker": false, "isBestMatch": true}, {"id": 32370635, "price": "0.97670000", "qty": "1974.20000000", "quoteQty": "1928.20114000", "time": 1692716563708, "isBuyerMaker": false, "isBestMatch": true}, {"id": 32370636, "price": "0.97680000", "qty": "454.60000000", "quoteQty": "444.05328000", "time": 1692716563708, "isBuyerMaker": false, "isBestMatch": true}, {"id": 32370637, "price": "0.97680000", "qty": "738.00000000", "quoteQty": "720.87840000", "time": 1692716563708, "isBuyerMaker": false, "isBestMatch": true}, {"id": 32370638, "price": "0.97680000", "qty": "344.50000000", "quoteQty": "336.50760000", "time": 1692716563708, "isBuyerMaker": false, "isBestMatch": true}, {"id": 32370639, "price": "0.97680000", "qty": "166.00000000", "quoteQty": "162.14880000", "time": 1692716563708, "isBuyerMaker": false, "isBestMatch": true}, {"id": 32370640, "price": "0.97670000", "qty": "203.30000000", "quoteQty": "198.56311000", "time": 1692716565011, "isBuyerMaker": true, "isBestMatch": true}, {"id": 32370641, "price": "0.97670000", "qty": "12.40000000", "quoteQty": "12.11108000", "time": 1692716570607, "isBuyerMaker": true, "isBestMatch": true}, {"id": 32370642, "price": "0.97670000", "qty": "11.20000000", "quoteQty": "10.93904000", "time": 1692716574595, "isBuyerMaker": true, "isBestMatch": true}, {"id": 32370643, "price": "0.97670000", "qty": "181.00000000", "quoteQty": "176.78270000", "time": 1692716576394, "isBuyerMaker": true, "isBestMatch": true}, {"id": 32370644, "price": "0.97670000", "qty": "18.80000000", "quoteQty": "18.36196000", "time": 1692716576394, "isBuyerMaker": true, "isBestMatch": true}, {"id": 32370645, "price": "0.97650000", "qty": "630.90000000", "quoteQty": "616.07385000", "time": 1692716576400, "isBuyerMaker": true, "isBestMatch": true}, {"id": 32370646, "price": "0.97650000", "qty": "814.00000000", "quoteQty": "794.87100000", "time": 1692716576400, "isBuyerMaker": true, "isBestMatch": true}, {"id": 32370647, "price": "0.97650000", "qty": "250.00000000", "quoteQty": "244.12500000", "time": 1692716576400, "isBuyerMaker": true, "isBestMatch": true}, {"id": 32370648, "price": "0.97640000", "qty": "123.50000000", "quoteQty": "120.58540000", "time": 1692716577463, "isBuyerMaker": false, "isBestMatch": true}, {"id": 32370649, "price": "0.97630000", "qty": "798.80000000", "quoteQty": "779.86844000", "time": 1692716582851, "isBuyerMaker": true, "isBestMatch": true}, {"id": 32370650, "price": "0.97630000", "qty": "8.10000000", "quoteQty": "7.90803000", "time": 1692716582851, "isBuyerMaker": true, "isBestMatch": true}, {"id": 32370651, "price": "0.97630000", "qty": "291.10000000", "quoteQty": "284.20093000", "time": 1692716582858, "isBuyerMaker": true, "isBestMatch": true}, {"id": 32370652, "price": "0.97630000", "qty": "204.60000000", "quoteQty": "199.75098000", "time": 1692716582858, "isBuyerMaker": true, "isBestMatch": true}, {"id": 32370653, "price": "0.97620000", "qty": "20.40000000", "quoteQty": "19.91448000", "time": 1692716587761, "isBuyerMaker": false, "isBestMatch": true}, {"id": 32370654, "price": "0.97610000", "qty": "157.80000000", "quoteQty": "154.02858000", "time": 1692716589611, "isBuyerMaker": true, "isBestMatch": true}, {"id": 32370655, "price": "0.97610000", "qty": "21.40000000", "quoteQty": "20.88854000", "time": 1692716589611, "isBuyerMaker": true, "isBestMatch": true}, {"id": 32370656, "price": "0.97610000", "qty": "102.40000000", "quoteQty": "99.95264000", "time": 1692716589611, "isBuyerMaker": true, "isBestMatch": true}, {"id": 32370657, "price": "0.97600000", "qty": "798.60000000", "quoteQty": "779.43360000", "time": 1692716589615, "isBuyerMaker": true, "isBestMatch": true}, {"id": 32370658, "price": "0.97600000", "qty": "738.00000000", "quoteQty": "720.28800000", "time": 1692716589615, "isBuyerMaker": true, "isBestMatch": true}, {"id": 32370659, "price": "0.97600000", "qty": "1134.40000000", "quoteQty": "1107.17440000", "time": 1692716589615, "isBuyerMaker": true, "isBestMatch": true}, {"id": 32370660, "price": "0.97600000", "qty": "845.10000000", "quoteQty": "824.81760000", "time": 1692716589615, "isBuyerMaker": true, "isBestMatch": true}, {"id": 32370661, "price": "0.97600000", "qty": "15.50000000", "quoteQty": "15.12800000", "time": 1692716592366, "isBuyerMaker": false, "isBestMatch": true}, {"id": 32370662, "price": "0.97600000", "qty": "49.30000000", "quoteQty": "48.11680000", "time": 1692716592366, "isBuyerMaker": false, "isBestMatch": true}, {"id": 32370663, "price": "0.97600000", "qty": "723.70000000", "quoteQty": "706.33120000", "time": 1692716593239, "isBuyerMaker": false, "isBestMatch": true}, {"id": 32370664, "price": "0.97600000", "qty": "310.70000000", "quoteQty": "303.24320000", "time": 1692716593239, "isBuyerMaker": false, "isBestMatch": true}, {"id": 32370665, "price": "0.97600000", "qty": "250.00000000", "quoteQty": "244.00000000", "time": 1692716593239, "isBuyerMaker": false, "isBestMatch": true}, {"id": 32370666, "price": "0.97600000", "qty": "1739.70000000", "quoteQty": "1697.94720000", "time": 1692716593239, "isBuyerMaker": false, "isBestMatch": true}, {"id": 32370667, "price": "0.97600000", "qty": "256.20000000", "quoteQty": "250.05120000", "time": 1692716593239, "isBuyerMaker": false, "isBestMatch": true}, {"id": 32370668, "price": "0.97610000", "qty": "15.50000000", "quoteQty": "15.12955000", "time": 1692716593239, "isBuyerMaker": false, "isBestMatch": true}, {"id": 32370669, "price": "0.97610000", "qty": "773.00000000", "quoteQty": "754.52530000", "time": 1692716593239, "isBuyerMaker": false, "isBestMatch": true}, {"id": 32370670, "price": "0.97610000", "qty": "183.00000000", "quoteQty": "178.62630000", "time": 1692716593239, "isBuyerMaker": false, "isBestMatch": true}, {"id": 32370671, "price": "0.97610000", "qty": "630.90000000", "quoteQty": "615.82149000", "time": 1692716593239, "isBuyerMaker": false, "isBestMatch": true}, {"id": 32370672, "price": "0.97620000", "qty": "229.60000000", "quoteQty": "224.13552000", "time": 1692716593239, "isBuyerMaker": false, "isBestMatch": true}, {"id": 32370673, "price": "0.97620000", "qty": "241.40000000", "quoteQty": "235.65468000", "time": 1692716593239, "isBuyerMaker": false, "isBestMatch": true}, {"id": 32370674, "price": "0.97610000", "qty": "376.90000000", "quoteQty": "367.89209000", "time": 1692716593984, "isBuyerMaker": true, "isBestMatch": true}, {"id": 32370675, "price": "0.97610000", "qty": "207.20000000", "quoteQty": "202.24792000", "time": 1692716593984, "isBuyerMaker": true, "isBestMatch": true}, {"id": 32370676, "price": "0.97610000", "qty": "11.10000000", "quoteQty": "10.83471000", "time": 1692716593984, "isBuyerMaker": true, "isBestMatch": true}, {"id": 32370677, "price": "0.97600000", "qty": "773.00000000", "quoteQty": "754.44800000", "time": 1692716594355, "isBuyerMaker": true, "isBestMatch": true}, {"id": 32370678, "price": "0.97600000", "qty": "827.00000000", "quoteQty": "807.15200000", "time": 1692716594355, "isBuyerMaker": true, "isBestMatch": true}, {"id": 32370679, "price": "0.97600000", "qty": "587.30000000", "quoteQty": "573.20480000", "time": 1692716594356, "isBuyerMaker": true, "isBestMatch": true}, {"id": 32370680, "price": "0.97600000", "qty": "798.40000000", "quoteQty": "779.23840000", "time": 1692716594356, "isBuyerMaker": true, "isBestMatch": true}, {"id": 32370681, "price": "0.97600000", "qty": "214.30000000", "quoteQty": "209.15680000", "time": 1692716594356, "isBuyerMaker": true, "isBestMatch": true}, {"id": 32370682, "price": "0.97600000", "qty": "250.00000000", "quoteQty": "244.00000000", "time": 1692716594356, "isBuyerMaker": true, "isBestMatch": true}, {"id": 32370683, "price": "0.97600000", "qty": "174.00000000", "quoteQty": "169.82400000", "time": 1692716594356, "isBuyerMaker": true, "isBestMatch": true}, {"id": 32370684, "price": "0.97600000", "qty": "91.00000000", "quoteQty": "88.81600000", "time": 1692716594357, "isBuyerMaker": true, "isBestMatch": true}, {"id": 32370685, "price": "0.97600000", "qty": "305.20000000", "quoteQty": "297.87520000", "time": 1692716594357, "isBuyerMaker": true, "isBestMatch": true}, {"id": 32370686, "price": "0.97590000", "qty": "694.40000000", "quoteQty": "677.66496000", "time": 1692716594357, "isBuyerMaker": true, "isBestMatch": true}, {"id": 32370687, "price": "0.97590000", "qty": "18.00000000", "quoteQty": "17.56620000", "time": 1692716594357, "isBuyerMaker": true, "isBestMatch": true}, {"id": 32370688, "price": "0.97580000", "qty": "21.40000000", "quoteQty": "20.88212000", "time": 1692716594416, "isBuyerMaker": true, "isBestMatch": true}, {"id": 32370689, "price": "0.97580000", "qty": "278.60000000", "quoteQty": "271.85788000", "time": 1692716594416, "isBuyerMaker": true, "isBestMatch": true}, {"id": 32370690, "price": "0.97580000", "qty": "309.60000000", "quoteQty": "302.10768000", "time": 1692716594439, "isBuyerMaker": true, "isBestMatch": true}, {"id": 32370691, "price": "0.97570000", "qty": "291.60000000", "quoteQty": "284.51412000", "time": 1692716596618, "isBuyerMaker": false, "isBestMatch": true}, {"id": 32370692, "price": "0.97570000", "qty": "1696.10000000", "quoteQty": "1654.88477000", "time": 1692716596618, "isBuyerMaker": false, "isBestMatch": true}, {"id": 32370693, "price": "0.97570000", "qty": "44.10000000", "quoteQty": "43.02837000", "time": 1692716596621, "isBuyerMaker": false, "isBestMatch": true}, {"id": 32370694, "price": "0.97590000", "qty": "773.00000000", "quoteQty": "754.37070000", "time": 1692716596629, "isBuyerMaker": false, "isBestMatch": true}, {"id": 32370695, "price": "0.97590000", "qty": "227.00000000", "quoteQty": "221.52930000", "time": 1692716596629, "isBuyerMaker": false, "isBestMatch": true}, {"id": 32370696, "price": "0.97590000", "qty": "22.80000000", "quoteQty": "22.25052000", "time": 1692716596963, "isBuyerMaker": false, "isBestMatch": true}, {"id": 32370697, "price": "0.97590000", "qty": "250.00000000", "quoteQty": "243.97500000", "time": 1692716602650, "isBuyerMaker": false, "isBestMatch": true}, {"id": 32370698, "price": "0.97590000", "qty": "185.00000000", "quoteQty": "180.54150000", "time": 1692716602653, "isBuyerMaker": false, "isBestMatch": true}, {"id": 32370699, "price": "0.97590000", "qty": "250.00000000", "quoteQty": "243.97500000", "time": 1692716602656, "isBuyerMaker": false, "isBestMatch": true}, {"id": 32370700, "price": "0.97590000", "qty": "81.00000000", "quoteQty": "79.04790000", "time": 1692716602657, "isBuyerMaker": false, "isBestMatch": true}, {"id": 32370701, "price": "0.97590000", "qty": "973.90000000", "quoteQty": "950.42901000", "time": 1692716602673, "isBuyerMaker": false, "isBestMatch": true}, {"id": 32370702, "price": "0.97590000", "qty": "1026.10000000", "quoteQty": "1001.37099000", "time": 1692716602673, "isBuyerMaker": false, "isBestMatch": true}, {"id": 32370703, "price": "0.97610000", "qty": "1739.50000000", "quoteQty": "1697.92595000", "time": 1692716604302, "isBuyerMaker": false, "isBestMatch": true}, {"id": 32370704, "price": "0.97630000", "qty": "1739.20000000", "quoteQty": "1697.98096000", "time": 1692716604758, "isBuyerMaker": false, "isBestMatch": true}, {"id": 32370705, "price": "0.97640000", "qty": "685.70000000", "quoteQty": "669.51748000", "time": 1692716604897, "isBuyerMaker": false, "isBestMatch": true}, {"id": 32370706, "price": "0.97640000", "qty": "1739.00000000", "quoteQty": "1697.95960000", "time": 1692716604897, "isBuyerMaker": false, "isBestMatch": true}, {"id": 32370707, "price": "0.97660000", "qty": "511.90000000", "quoteQty": "499.92154000", "time": 1692716606634, "isBuyerMaker": false, "isBestMatch": true}, {"id": 32370708, "price": "0.97630000", "qty": "630.90000000", "quoteQty": "615.94767000", "time": 1692716609090, "isBuyerMaker": false, "isBestMatch": true}, {"id": 32370709, "price": "0.97630000", "qty": "487.90000000", "quoteQty": "476.33677000", "time": 1692716609090, "isBuyerMaker": false, "isBestMatch": true}, {"id": 32370710, "price": "0.97630000", "qty": "554.40000000", "quoteQty": "541.26072000", "time": 1692716609093, "isBuyerMaker": false, "isBestMatch": true}, {"id": 32370711, "price": "0.97630000", "qty": "696.90000000", "quoteQty": "680.38347000", "time": 1692716609094, "isBuyerMaker": false, "isBestMatch": true}, {"id": 32370712, "price": "0.97650000", "qty": "1738.80000000", "quoteQty": "1697.93820000", "time": 1692716609738, "isBuyerMaker": false, "isBestMatch": true}, {"id": 32370713, "price": "0.97650000", "qty": "1270.50000000", "quoteQty": "1240.64325000", "time": 1692716615860, "isBuyerMaker": true, "isBestMatch": true}, {"id": 32370714, "price": "0.97650000", "qty": "250.00000000", "quoteQty": "244.12500000", "time": 1692716615860, "isBuyerMaker": true, "isBestMatch": true}, {"id": 32370715, "price": "0.97650000", "qty": "773.00000000", "quoteQty": "754.83450000", "time": 1692716615860, "isBuyerMaker": true, "isBestMatch": true}, {"id": 32370716, "price": "0.97650000", "qty": "751.10000000", "quoteQty": "733.44915000", "time": 1692716615860, "isBuyerMaker": true, "isBestMatch": true}, {"id": 32370717, "price": "0.97650000", "qty": "630.90000000", "quoteQty": "616.07385000", "time": 1692716615860, "isBuyerMaker": true, "isBestMatch": true}, {"id": 32370718, "price": "0.97650000", "qty": "294.30000000", "quoteQty": "287.38395000", "time": 1692716615860, "isBuyerMaker": true, "isBestMatch": true}, {"id": 32370719, "price": "0.97650000", "qty": "273.80000000", "quoteQty": "267.36570000", "time": 1692716615860, "isBuyerMaker": true, "isBestMatch": true}, {"id": 32370720, "price": "0.97650000", "qty": "757.70000000", "quoteQty": "739.89405000", "time": 1692716615860, "isBuyerMaker": true, "isBestMatch": true}, {"id": 32370721, "price": "0.97650000", "qty": "598.40000000", "quoteQty": "584.33760000", "time": 1692716615860, "isBuyerMaker": true, "isBestMatch": true}, {"id": 32370722, "price": "0.97650000", "qty": "249.50000000", "quoteQty": "243.63675000", "time": 1692716615862, "isBuyerMaker": true, "isBestMatch": true}, {"id": 32370723, "price": "0.97650000", "qty": "539.30000000", "quoteQty": "526.62645000", "time": 1692716615866, "isBuyerMaker": true, "isBestMatch": true}, {"id": 32370724, "price": "0.97650000", "qty": "773.00000000", "quoteQty": "754.83450000", "time": 1692716615866, "isBuyerMaker": true, "isBestMatch": true}, {"id": 32370725, "price": "0.97640000", "qty": "195.60000000", "quoteQty": "190.98384000", "time": 1692716615866, "isBuyerMaker": true, "isBestMatch": true}, {"id": 32370726, "price": "0.97640000", "qty": "971.90000000", "quoteQty": "948.96316000", "time": 1692716615866, "isBuyerMaker": true, "isBestMatch": true}, {"id": 32370727, "price": "0.97640000", "qty": "180.20000000", "quoteQty": "175.94728000", "time": 1692716615866, "isBuyerMaker": true, "isBestMatch": true}, {"id": 32370728, "price": "0.97640000", "qty": "733.70000000", "quoteQty": "716.38468000", "time": 1692716615873, "isBuyerMaker": true, "isBestMatch": true}, {"id": 32370729, "price": "0.97640000", "qty": "67.60000000", "quoteQty": "66.00464000", "time": 1692716615873, "isBuyerMaker": true, "isBestMatch": true}, {"id": 32370730, "price": "0.97640000", "qty": "57.60000000", "quoteQty": "56.24064000", "time": 1692716615928, "isBuyerMaker": true, "isBestMatch": true}, {"id": 32370731, "price": "0.97640000", "qty": "51.20000000", "quoteQty": "49.99168000", "time": 1692716616083, "isBuyerMaker": true, "isBestMatch": true}, {"id": 32370732, "price": "0.97630000", "qty": "773.00000000", "quoteQty": "754.67990000", "time": 1692716616083, "isBuyerMaker": true, "isBestMatch": true}, {"id": 32370733, "price": "0.97630000", "qty": "250.00000000", "quoteQty": "244.07500000", "time": 1692716616083, "isBuyerMaker": true, "isBestMatch": true}, {"id": 32370734, "price": "0.97630000", "qty": "11.70000000", "quoteQty": "11.42271000", "time": 1692716616083, "isBuyerMaker": true, "isBestMatch": true}, {"id": 32370735, "price": "0.97630000", "qty": "278.90000000", "quoteQty": "272.29007000", "time": 1692716616238, "isBuyerMaker": true, "isBestMatch": true}, {"id": 32370736, "price": "0.97630000", "qty": "250.00000000", "quoteQty": "244.07500000", "time": 1692716616238, "isBuyerMaker": true, "isBestMatch": true}, {"id": 32370737, "price": "0.97630000", "qty": "169.50000000", "quoteQty": "165.48285000", "time": 1692716619939, "isBuyerMaker": false, "isBestMatch": true}, {"id": 32370738, "price": "0.97630000", "qty": "180.10000000", "quoteQty": "175.83163000", "time": 1692716619939, "isBuyerMaker": false, "isBestMatch": true}, {"id": 32370739, "price": "0.97630000", "qty": "630.90000000", "quoteQty": "615.94767000", "time": 1692716619939, "isBuyerMaker": false, "isBestMatch": true}, {"id": 32370740, "price": "0.97630000", "qty": "26.00000000", "quoteQty": "25.38380000", "time": 1692716619939, "isBuyerMaker": false, "isBestMatch": true}, {"id": 32370741, "price": "0.97630000", "qty": "280.20000000", "quoteQty": "273.55926000", "time": 1692716619939, "isBuyerMaker": false, "isBestMatch": true}, {"id": 32370742, "price": "0.97630000", "qty": "43.90000000", "quoteQty": "42.85957000", "time": 1692716619939, "isBuyerMaker": false, "isBestMatch": true}, {"id": 32370743, "price": "0.97640000", "qty": "1739.00000000", "quoteQty": "1697.95960000", "time": 1692716619942, "isBuyerMaker": false, "isBestMatch": true}, {"id": 32370744, "price": "0.97640000", "qty": "522.80000000", "quoteQty": "510.46192000", "time": 1692716619942, "isBuyerMaker": false, "isBestMatch": true}, {"id": 32370745, "price": "0.97640000", "qty": "195.60000000", "quoteQty": "190.98384000", "time": 1692716619946, "isBuyerMaker": true, "isBestMatch": true}, {"id": 32370746, "price": "0.97630000", "qty": "195.50000000", "quoteQty": "190.86665000", "time": 1692716619946, "isBuyerMaker": true, "isBestMatch": true}, {"id": 32370747, "price": "0.97630000", "qty": "172.70000000", "quoteQty": "168.60701000", "time": 1692716619946, "isBuyerMaker": true, "isBestMatch": true}, {"id": 32370748, "price": "0.97650000", "qty": "54.30000000", "quoteQty": "53.02395000", "time": 1692716621208, "isBuyerMaker": false, "isBestMatch": true}, {"id": 32370749, "price": "0.97650000", "qty": "1480.60000000", "quoteQty": "1445.80590000", "time": 1692716628813, "isBuyerMaker": false, "isBestMatch": true}, {"id": 32370750, "price": "0.97650000", "qty": "203.90000000", "quoteQty": "199.10835000", "time": 1692716628872, "isBuyerMaker": false, "isBestMatch": true}, {"id": 32370751, "price": "0.97670000", "qty": "21.40000000", "quoteQty": "20.90138000", "time": 1692716628876, "isBuyerMaker": false, "isBestMatch": true}, {"id": 32370752, "price": "0.97670000", "qty": "250.00000000", "quoteQty": "244.17500000", "time": 1692716628876, "isBuyerMaker": false, "isBestMatch": true}, {"id": 32370753, "price": "0.97670000", "qty": "773.00000000", "quoteQty": "754.98910000", "time": 1692716628876, "isBuyerMaker": false, "isBestMatch": true}, {"id": 32370754, "price": "0.97670000", "qty": "1523.50000000", "quoteQty": "1488.00245000", "time": 1692716628876, "isBuyerMaker": false, "isBestMatch": true}, {"id": 32370755, "price": "0.97670000", "qty": "311.80000000", "quoteQty": "304.53506000", "time": 1692716628876, "isBuyerMaker": false, "isBestMatch": true}, {"id": 32370756, "price": "0.97660000", "qty": "303.70000000", "quoteQty": "296.59342000", "time": 1692716630375, "isBuyerMaker": true, "isBestMatch": true}, {"id": 32370757, "price": "0.97660000", "qty": "26.70000000", "quoteQty": "26.07522000", "time": 1692716630375, "isBuyerMaker": true, "isBestMatch": true}, {"id": 32370758, "price": "0.97660000", "qty": "16.00000000", "quoteQty": "15.62560000", "time": 1692716630375, "isBuyerMaker": true, "isBestMatch": true}, {"id": 32370759, "price": "0.97640000", "qty": "631.50000000", "quoteQty": "616.59660000", "time": 1692716630683, "isBuyerMaker": true, "isBestMatch": true}, {"id": 32370760, "price": "0.97640000", "qty": "141.50000000", "quoteQty": "138.16060000", "time": 1692716630992, "isBuyerMaker": true, "isBestMatch": true}, {"id": 32370761, "price": "0.97640000", "qty": "250.00000000", "quoteQty": "244.10000000", "time": 1692716630992, "isBuyerMaker": true, "isBestMatch": true}, {"id": 32370762, "price": "0.97650000", "qty": "28.60000000", "quoteQty": "27.92790000", "time": 1692716635248, "isBuyerMaker": false, "isBestMatch": true}, {"id": 32370763, "price": "0.97640000", "qty": "70.40000000", "quoteQty": "68.73856000", "time": 1692716639847, "isBuyerMaker": true, "isBestMatch": true}, {"id": 32370764, "price": "0.97640000", "qty": "179.60000000", "quoteQty": "175.36144000", "time": 1692716640167, "isBuyerMaker": true, "isBestMatch": true}, {"id": 32370765, "price": "0.97640000", "qty": "514.00000000", "quoteQty": "501.86960000", "time": 1692716640167, "isBuyerMaker": true, "isBestMatch": true}, {"id": 32370766, "price": "0.97640000", "qty": "10.20000000", "quoteQty": "9.95928000", "time": 1692716640167, "isBuyerMaker": true, "isBestMatch": true}, {"id": 32370767, "price": "0.97640000", "qty": "295.30000000", "quoteQty": "288.33092000", "time": 1692716640482, "isBuyerMaker": true, "isBestMatch": true}, {"id": 32370768, "price": "0.97640000", "qty": "248.70000000", "quoteQty": "242.83068000", "time": 1692716640482, "isBuyerMaker": true, "isBestMatch": true}, {"id": 32370769, "price": "0.97650000", "qty": "1710.20000000", "quoteQty": "1670.01030000", "time": 1692716644393, "isBuyerMaker": false, "isBestMatch": true}, {"id": 32370770, "price": "0.97660000", "qty": "734.00000000", "quoteQty": "716.82440000", "time": 1692716644397, "isBuyerMaker": false, "isBestMatch": true}, {"id": 32370771, "price": "0.97660000", "qty": "156.10000000", "quoteQty": "152.44726000", "time": 1692716644397, "isBuyerMaker": false, "isBestMatch": true}, {"id": 32370772, "price": "0.97650000", "qty": "630.90000000", "quoteQty": "616.07385000", "time": 1692716647082, "isBuyerMaker": true, "isBestMatch": true}, {"id": 32370773, "price": "0.97640000", "qty": "305.10000000", "quoteQty": "297.89964000", "time": 1692716651026, "isBuyerMaker": false, "isBestMatch": true}, {"id": 32370774, "price": "0.97640000", "qty": "402.00000000", "quoteQty": "392.51280000", "time": 1692716651026, "isBuyerMaker": false, "isBestMatch": true}, {"id": 32370775, "price": "0.97640000", "qty": "674.40000000", "quoteQty": "658.48416000", "time": 1692716651028, "isBuyerMaker": false, "isBestMatch": true}, {"id": 32370776, "price": "0.97640000", "qty": "662.60000000", "quoteQty": "646.96264000", "time": 1692716651029, "isBuyerMaker": false, "isBestMatch": true}, {"id": 32370777, "price": "0.97650000", "qty": "630.90000000", "quoteQty": "616.07385000", "time": 1692716651086, "isBuyerMaker": false, "isBestMatch": true}, {"id": 32370778, "price": "0.97650000", "qty": "746.00000000", "quoteQty": "728.46900000", "time": 1692716651086, "isBuyerMaker": false, "isBestMatch": true}, {"id": 32370779, "price": "0.97650000", "qty": "992.80000000", "quoteQty": "969.46920000", "time": 1692716651086, "isBuyerMaker": false, "isBestMatch": true}, {"id": 32370780, "price": "0.97650000", "qty": "13.40000000", "quoteQty": "13.08510000", "time": 1692716658157, "isBuyerMaker": true, "isBestMatch": true}, {"id": 32370781, "price": "0.97640000", "qty": "540.10000000", "quoteQty": "527.35364000", "time": 1692716659703, "isBuyerMaker": true, "isBestMatch": true}, {"id": 32370782, "price": "0.97630000", "qty": "250.00000000", "quoteQty": "244.07500000", "time": 1692716662204, "isBuyerMaker": true, "isBestMatch": true}, {"id": 32370783, "price": "0.97630000", "qty": "28.80000000", "quoteQty": "28.11744000", "time": 1692716662207, "isBuyerMaker": true, "isBestMatch": true}, {"id": 32370784, "price": "0.97620000", "qty": "52.20000000", "quoteQty": "50.95764000", "time": 1692716670718, "isBuyerMaker": false, "isBestMatch": true}, {"id": 32370785, "price": "0.97610000", "qty": "922.00000000", "quoteQty": "899.96420000", "time": 1692716682125, "isBuyerMaker": true, "isBestMatch": true}, {"id": 32370786, "price": "0.97600000", "qty": "700.00000000", "quoteQty": "683.20000000", "time": 1692716682170, "isBuyerMaker": true, "isBestMatch": true}, {"id": 32370787, "price": "0.97600000", "qty": "2400.00000000", "quoteQty": "2342.40000000", "time": 1692716682170, "isBuyerMaker": true, "isBestMatch": true}, {"id": 32370788, "price": "0.97600000", "qty": "296.80000000", "quoteQty": "289.67680000", "time": 1692716682170, "isBuyerMaker": true, "isBestMatch": true}, {"id": 32370789, "price": "0.97590000", "qty": "50.00000000", "quoteQty": "48.79500000", "time": 1692716682220, "isBuyerMaker": false, "isBestMatch": true}, {"id": 32370790, "price": "0.97580000", "qty": "773.00000000", "quoteQty": "754.29340000", "time": 1692716682221, "isBuyerMaker": true, "isBestMatch": true}, {"id": 32370791, "price": "0.97580000", "qty": "21.40000000", "quoteQty": "20.88212000", "time": 1692716682221, "isBuyerMaker": true, "isBestMatch": true}, {"id": 32370792, "price": "0.97580000", "qty": "12.60000000", "quoteQty": "12.29508000", "time": 1692716682221, "isBuyerMaker": true, "isBestMatch": true}, {"id": 32370793, "price": "0.97590000", "qty": "50.00000000", "quoteQty": "48.79500000", "time": 1692716682244, "isBuyerMaker": false, "isBestMatch": true}, {"id": 32370794, "price": "0.97590000", "qty": "95.60000000", "quoteQty": "93.29604000", "time": 1692716682393, "isBuyerMaker": false, "isBestMatch": true}, {"id": 32370795, "price": "0.97590000", "qty": "697.00000000", "quoteQty": "680.20230000", "time": 1692716682393, "isBuyerMaker": false, "isBestMatch": true}, {"id": 32370796, "price": "0.97590000", "qty": "207.40000000", "quoteQty": "202.40166000", "time": 1692716682393, "isBuyerMaker": false, "isBestMatch": true}, {"id": 32370797, "price": "0.97590000", "qty": "41.60000000", "quoteQty": "40.59744000", "time": 1692716682659, "isBuyerMaker": false, "isBestMatch": true}, {"id": 32370798, "price": "0.97590000", "qty": "667.10000000", "quoteQty": "651.02289000", "time": 1692716682659, "isBuyerMaker": false, "isBestMatch": true}, {"id": 32370799, "price": "0.97590000", "qty": "147.30000000", "quoteQty": "143.75007000", "time": 1692716682659, "isBuyerMaker": false, "isBestMatch": true}, {"id": 32370800, "price": "0.97590000", "qty": "626.00000000", "quoteQty": "610.91340000", "time": 1692716682894, "isBuyerMaker": false, "isBestMatch": true}, {"id": 32370801, "price": "0.97590000", "qty": "626.00000000", "quoteQty": "610.91340000", "time": 1692716682904, "isBuyerMaker": false, "isBestMatch": true}, {"id": 32370802, "price": "0.97590000", "qty": "16.80000000", "quoteQty": "16.39512000", "time": 1692716683101, "isBuyerMaker": false, "isBestMatch": true}, {"id": 32370803, "price": "0.97590000", "qty": "406.20000000", "quoteQty": "396.41058000", "time": 1692716683101, "isBuyerMaker": false, "isBestMatch": true}, {"id": 32370804, "price": "0.97590000", "qty": "322.90000000", "quoteQty": "315.11811000", "time": 1692716683227, "isBuyerMaker": false, "isBestMatch": true}, {"id": 32370805, "price": "0.97590000", "qty": "134.10000000", "quoteQty": "130.86819000", "time": 1692716683227, "isBuyerMaker": false, "isBestMatch": true}, {"id": 32370806, "price": "0.97590000", "qty": "10.20000000", "quoteQty": "9.95418000", "time": 1692716683378, "isBuyerMaker": false, "isBestMatch": true}, {"id": 32370807, "price": "0.97590000", "qty": "552.70000000", "quoteQty": "539.37993000", "time": 1692716683457, "isBuyerMaker": false, "isBestMatch": true}, {"id": 32370808, "price": "0.97590000", "qty": "95.30000000", "quoteQty": "93.00327000", "time": 1692716683457, "isBuyerMaker": false, "isBestMatch": true}, {"id": 32370809, "price": "0.97590000", "qty": "154.70000000", "quoteQty": "150.97173000", "time": 1692716683748, "isBuyerMaker": false, "isBestMatch": true}, {"id": 32370810, "price": "0.97590000", "qty": "336.40000000", "quoteQty": "328.29276000", "time": 1692716683748, "isBuyerMaker": false, "isBestMatch": true}, {"id": 32370811, "price": "0.97590000", "qty": "127.90000000", "quoteQty": "124.81761000", "time": 1692716683748, "isBuyerMaker": false, "isBestMatch": true}, {"id": 32370812, "price": "0.97590000", "qty": "383.50000000", "quoteQty": "374.25765000", "time": 1692716683908, "isBuyerMaker": false, "isBestMatch": true}, {"id": 32370813, "price": "0.97590000", "qty": "54.50000000", "quoteQty": "53.18655000", "time": 1692716683908, "isBuyerMaker": false, "isBestMatch": true}, {"id": 32370814, "price": "0.97590000", "qty": "474.00000000", "quoteQty": "462.57660000", "time": 1692716683994, "isBuyerMaker": false, "isBestMatch": true}, {"id": 32370815, "price": "0.97590000", "qty": "207.00000000", "quoteQty": "202.01130000", "time": 1692716684208, "isBuyerMaker": false, "isBestMatch": true}, {"id": 32370816, "price": "0.97590000", "qty": "178.00000000", "quoteQty": "173.71020000", "time": 1692716684383, "isBuyerMaker": false, "isBestMatch": true}, {"id": 32370817, "price": "0.97590000", "qty": "207.00000000", "quoteQty": "202.01130000", "time": 1692716684467, "isBuyerMaker": false, "isBestMatch": true}, {"id": 32370818, "price": "0.97590000", "qty": "59.00000000", "quoteQty": "57.57810000", "time": 1692716684635, "isBuyerMaker": false, "isBestMatch": true}, {"id": 32370819, "price": "0.97580000", "qty": "220.60000000", "quoteQty": "215.26148000", "time": 1692716686928, "isBuyerMaker": true, "isBestMatch": true}, {"id": 32370820, "price": "0.97580000", "qty": "310.20000000", "quoteQty": "302.69316000", "time": 1692716686928, "isBuyerMaker": true, "isBestMatch": true}, {"id": 32370821, "price": "0.97580000", "qty": "75.60000000", "quoteQty": "73.77048000", "time": 1692716689527, "isBuyerMaker": false, "isBestMatch": true}, {"id": 32370822, "price": "0.97580000", "qty": "146.40000000", "quoteQty": "142.85712000", "time": 1692716690829, "isBuyerMaker": false, "isBestMatch": true}, {"id": 32370823, "price": "0.97580000", "qty": "654.60000000", "quoteQty": "638.75868000", "time": 1692716690829, "isBuyerMaker": false, "isBestMatch": true}, {"id": 32370824, "price": "0.97580000", "qty": "143.40000000", "quoteQty": "139.92972000", "time": 1692716690829, "isBuyerMaker": false, "isBestMatch": true}, {"id": 32370825, "price": "0.97580000", "qty": "697.00000000", "quoteQty": "680.13260000", "time": 1692716690829, "isBuyerMaker": false, "isBestMatch": true}, {"id": 32370826, "price": "0.97580000", "qty": "1419.10000000", "quoteQty": "1384.75778000", "time": 1692716690829, "isBuyerMaker": false, "isBestMatch": true}, {"id": 32370827, "price": "0.97580000", "qty": "920.70000000", "quoteQty": "898.41906000", "time": 1692716690829, "isBuyerMaker": false, "isBestMatch": true}, {"id": 32370828, "price": "0.97580000", "qty": "118.00000000", "quoteQty": "115.14440000", "time": 1692716690829, "isBuyerMaker": false, "isBestMatch": true}, {"id": 32370829, "price": "0.97570000", "qty": "126.00000000", "quoteQty": "122.93820000", "time": 1692716692083, "isBuyerMaker": true, "isBestMatch": true}, {"id": 32370830, "price": "0.97570000", "qty": "660.00000000", "quoteQty": "643.96200000", "time": 1692716692112, "isBuyerMaker": false, "isBestMatch": true}, {"id": 32370831, "price": "0.97570000", "qty": "535.90000000", "quoteQty": "522.87763000", "time": 1692716692660, "isBuyerMaker": false, "isBestMatch": true}, {"id": 32370832, "price": "0.97570000", "qty": "36.10000000", "quoteQty": "35.22277000", "time": 1692716692660, "isBuyerMaker": false, "isBestMatch": true}, {"id": 32370833, "price": "0.97570000", "qty": "375.00000000", "quoteQty": "365.88750000", "time": 1692716692896, "isBuyerMaker": false, "isBestMatch": true}, {"id": 32370834, "price": "0.97570000", "qty": "85.00000000", "quoteQty": "82.93450000", "time": 1692716693582, "isBuyerMaker": false, "isBestMatch": true}, {"id": 32370835, "price": "0.97570000", "qty": "19.00000000", "quoteQty": "18.53830000", "time": 1692716693828, "isBuyerMaker": false, "isBestMatch": true}, {"id": 32370836, "price": "0.97570000", "qty": "17.70000000", "quoteQty": "17.26989000", "time": 1692716699678, "isBuyerMaker": false, "isBestMatch": true}, {"id": 32370837, "price": "0.97580000", "qty": "1488.80000000", "quoteQty": "1452.77104000", "time": 1692716699763, "isBuyerMaker": false, "isBestMatch": true}, {"id": 32370838, "price": "0.97570000", "qty": "25.20000000", "quoteQty": "24.58764000", "time": 1692716705583, "isBuyerMaker": true, "isBestMatch": true}, {"id": 32370839, "price": "0.97570000", "qty": "8.30000000", "quoteQty": "8.09831000", "time": 1692716705588, "isBuyerMaker": true, "isBestMatch": true}, {"id": 32370840, "price": "0.97560000", "qty": "10.50000000", "quoteQty": "10.24380000", "time": 1692716708926, "isBuyerMaker": true, "isBestMatch": true}, {"id": 32370841, "price": "0.97570000", "qty": "89.70000000", "quoteQty": "87.52029000", "time": 1692716710433, "isBuyerMaker": false, "isBestMatch": true}, {"id": 32370842, "price": "0.97570000", "qty": "12.70000000", "quoteQty": "12.39139000", "time": 1692716710433, "isBuyerMaker": false, "isBestMatch": true}, {"id": 32370843, "price": "0.97560000", "qty": "1740.40000000", "quoteQty": "1697.93424000", "time": 1692716719153, "isBuyerMaker": false, "isBestMatch": true}, {"id": 32370844, "price": "0.97560000", "qty": "150.00000000", "quoteQty": "146.34000000", "time": 1692716721490, "isBuyerMaker": true, "isBestMatch": true}, {"id": 32370845, "price": "0.97540000", "qty": "356.90000000", "quoteQty": "348.12026000", "time": 1692716731714, "isBuyerMaker": true, "isBestMatch": true}, {"id": 32370846, "price": "0.97540000", "qty": "442.10000000", "quoteQty": "431.22434000", "time": 1692716731714, "isBuyerMaker": true, "isBestMatch": true}, {"id": 32370847, "price": "0.97540000", "qty": "419.90000000", "quoteQty": "409.57046000", "time": 1692716731714, "isBuyerMaker": true, "isBestMatch": true}, {"id": 32370848, "price": "0.97540000", "qty": "938.00000000", "quoteQty": "914.92520000", "time": 1692716731714, "isBuyerMaker": true, "isBestMatch": true}, {"id": 32370849, "price": "0.97540000", "qty": "896.10000000", "quoteQty": "874.05594000", "time": 1692716731822, "isBuyerMaker": false, "isBestMatch": true}, {"id": 32370850, "price": "0.97540000", "qty": "103.90000000", "quoteQty": "101.34406000", "time": 1692716731822, "isBuyerMaker": false, "isBestMatch": true}, {"id": 32370851, "price": "0.97530000", "qty": "21.40000000", "quoteQty": "20.87142000", "time": 1692716732117, "isBuyerMaker": true, "isBestMatch": true}, {"id": 32370852, "price": "0.97520000", "qty": "91.90000000", "quoteQty": "89.62088000", "time": 1692716733433, "isBuyerMaker": true, "isBestMatch": true}, {"id": 32370853, "price": "0.97520000", "qty": "5.70000000", "quoteQty": "5.55864000", "time": 1692716733433, "isBuyerMaker": true, "isBestMatch": true}, {"id": 32370854, "price": "0.97530000", "qty": "31.00000000", "quoteQty": "30.23430000", "time": 1692716736610, "isBuyerMaker": false, "isBestMatch": true}, {"id": 32370855, "price": "0.97530000", "qty": "135.90000000", "quoteQty": "132.54327000", "time": 1692716736638, "isBuyerMaker": false, "isBestMatch": true}, {"id": 32370856, "price": "0.97530000", "qty": "712.10000000", "quoteQty": "694.51113000", "time": 1692716736638, "isBuyerMaker": false, "isBestMatch": true}, {"id": 32370857, "price": "0.97530000", "qty": "638.80000000", "quoteQty": "623.02164000", "time": 1692716738199, "isBuyerMaker": false, "isBestMatch": true}, {"id": 32370858, "price": "0.97530000", "qty": "259.20000000", "quoteQty": "252.79776000", "time": 1692716738199, "isBuyerMaker": false, "isBestMatch": true}, {"id": 32370859, "price": "0.97520000", "qty": "177.60000000", "quoteQty": "173.19552000", "time": 1692716746063, "isBuyerMaker": true, "isBestMatch": true}, {"id": 32370860, "price": "0.97520000", "qty": "816.70000000", "quoteQty": "796.44584000", "time": 1692716748030, "isBuyerMaker": true, "isBestMatch": true}, {"id": 32370861, "price": "0.97520000", "qty": "21.40000000", "quoteQty": "20.86928000", "time": 1692716748030, "isBuyerMaker": true, "isBestMatch": true}, {"id": 32370862, "price": "0.97510000", "qty": "2051.00000000", "quoteQty": "1999.93010000", "time": 1692716750135, "isBuyerMaker": true, "isBestMatch": true}, {"id": 32370863, "price": "0.97510000", "qty": "287.10000000", "quoteQty": "279.95121000", "time": 1692716750135, "isBuyerMaker": true, "isBestMatch": true}, {"id": 32370864, "price": "0.97500000", "qty": "13.10000000", "quoteQty": "12.77250000", "time": 1692716750139, "isBuyerMaker": true, "isBestMatch": true}, {"id": 32370865, "price": "0.97500000", "qty": "10.90000000", "quoteQty": "10.62750000", "time": 1692716750139, "isBuyerMaker": true, "isBestMatch": true}, {"id": 32370866, "price": "0.97500000", "qty": "15.10000000", "quoteQty": "14.72250000", "time": 1692716750139, "isBuyerMaker": true, "isBestMatch": true}, {"id": 32370867, "price": "0.97500000", "qty": "108.00000000", "quoteQty": "105.30000000", "time": 1692716750139, "isBuyerMaker": true, "isBestMatch": true}, {"id": 32370868, "price": "0.97500000", "qty": "11.20000000", "quoteQty": "10.92000000", "time": 1692716750139, "isBuyerMaker": true, "isBestMatch": true}, {"id": 32370869, "price": "0.97500000", "qty": "12.00000000", "quoteQty": "11.70000000", "time": 1692716750139, "isBuyerMaker": true, "isBestMatch": true}, {"id": 32370870, "price": "0.97500000", "qty": "65.80000000", "quoteQty": "64.15500000", "time": 1692716750139, "isBuyerMaker": true, "isBestMatch": true}, {"id": 32370871, "price": "0.97500000", "qty": "10.30000000", "quoteQty": "10.04250000", "time": 1692716750139, "isBuyerMaker": true, "isBestMatch": true}, {"id": 32370872, "price": "0.97500000", "qty": "146.70000000", "quoteQty": "143.03250000", "time": 1692716750139, "isBuyerMaker": true, "isBestMatch": true}, {"id": 32370873, "price": "0.97500000", "qty": "100.00000000", "quoteQty": "97.50000000", "time": 1692716750139, "isBuyerMaker": true, "isBestMatch": true}, {"id": 32370874, "price": "0.97500000", "qty": "96.70000000", "quoteQty": "94.28250000", "time": 1692716750139, "isBuyerMaker": true, "isBestMatch": true}, {"id": 32370875, "price": "0.97500000", "qty": "3346.40000000", "quoteQty": "3262.74000000", "time": 1692716750139, "isBuyerMaker": true, "isBestMatch": true}, {"id": 32370876, "price": "0.97500000", "qty": "20.50000000", "quoteQty": "19.98750000", "time": 1692716750139, "isBuyerMaker": true, "isBestMatch": true}, {"id": 32370877, "price": "0.97500000", "qty": "49.70000000", "quoteQty": "48.45750000", "time": 1692716750139, "isBuyerMaker": true, "isBestMatch": true}, {"id": 32370878, "price": "0.97500000", "qty": "11.20000000", "quoteQty": "10.92000000", "time": 1692716750139, "isBuyerMaker": true, "isBestMatch": true}, {"id": 32370879, "price": "0.97500000", "qty": "500.00000000", "quoteQty": "487.50000000", "time": 1692716750139, "isBuyerMaker": true, "isBestMatch": true}, {"id": 32370880, "price": "0.97500000", "qty": "106.10000000", "quoteQty": "103.44750000", "time": 1692716750139, "isBuyerMaker": true, "isBestMatch": true}, {"id": 32370881, "price": "0.97500000", "qty": "270.50000000", "quoteQty": "263.73750000", "time": 1692716750139, "isBuyerMaker": true, "isBestMatch": true}, {"id": 32370882, "price": "0.97500000", "qty": "15.30000000", "quoteQty": "14.91750000", "time": 1692716750139, "isBuyerMaker": true, "isBestMatch": true}, {"id": 32370883, "price": "0.97500000", "qty": "25.60000000", "quoteQty": "24.96000000", "time": 1692716750139, "isBuyerMaker": true, "isBestMatch": true}, {"id": 32370884, "price": "0.97500000", "qty": "1025.60000000", "quoteQty": "999.96000000", "time": 1692716750139, "isBuyerMaker": true, "isBestMatch": true}, {"id": 32370885, "price": "0.97500000", "qty": "27.50000000", "quoteQty": "26.81250000", "time": 1692716750139, "isBuyerMaker": true, "isBestMatch": true}, {"id": 32370886, "price": "0.97500000", "qty": "78.10000000", "quoteQty": "76.14750000", "time": 1692716750139, "isBuyerMaker": true, "isBestMatch": true}, {"id": 32370887, "price": "0.97500000", "qty": "21.40000000", "quoteQty": "20.86500000", "time": 1692716750139, "isBuyerMaker": true, "isBestMatch": true}, {"id": 32370888, "price": "0.97490000", "qty": "38.60000000", "quoteQty": "37.63114000", "time": 1692716750139, "isBuyerMaker": true, "isBestMatch": true}, {"id": 32370889, "price": "0.97490000", "qty": "57.20000000", "quoteQty": "55.76428000", "time": 1692716750139, "isBuyerMaker": true, "isBestMatch": true}, {"id": 32370890, "price": "0.97490000", "qty": "5.20000000", "quoteQty": "5.06948000", "time": 1692716750139, "isBuyerMaker": true, "isBestMatch": true}, {"id": 32370891, "price": "0.97490000", "qty": "52.10000000", "quoteQty": "50.79229000", "time": 1692716750139, "isBuyerMaker": true, "isBestMatch": true}, {"id": 32370892, "price": "0.97490000", "qty": "798.80000000", "quoteQty": "778.75012000", "time": 1692716750139, "isBuyerMaker": true, "isBestMatch": true}, {"id": 32370893, "price": "0.97490000", "qty": "102.50000000", "quoteQty": "99.92725000", "time": 1692716750431, "isBuyerMaker": false, "isBestMatch": true}, {"id": 32370894, "price": "0.97480000", "qty": "159.80000000", "quoteQty": "155.77304000", "time": 1692716750537, "isBuyerMaker": true, "isBestMatch": true}, {"id": 32370895, "price": "0.97480000", "qty": "12.30000000", "quoteQty": "11.99004000", "time": 1692716750537, "isBuyerMaker": true, "isBestMatch": true}, {"id": 32370896, "price": "0.97480000", "qty": "20.30000000", "quoteQty": "19.78844000", "time": 1692716750537, "isBuyerMaker": true, "isBestMatch": true}, {"id": 32370897, "price": "0.97480000", "qty": "382.60000000", "quoteQty": "372.95848000", "time": 1692716750537, "isBuyerMaker": true, "isBestMatch": true}, {"id": 32370898, "price": "0.97480000", "qty": "25.40000000", "quoteQty": "24.75992000", "time": 1692716750581, "isBuyerMaker": true, "isBestMatch": true}, {"id": 32370899, "price": "0.97470000", "qty": "93.80000000", "quoteQty": "91.42686000", "time": 1692716750633, "isBuyerMaker": true, "isBestMatch": true}, {"id": 32370900, "price": "0.97470000", "qty": "18.00000000", "quoteQty": "17.54460000", "time": 1692716750633, "isBuyerMaker": true, "isBestMatch": true}, {"id": 32370901, "price": "0.97470000", "qty": "307.70000000", "quoteQty": "299.91519000", "time": 1692716750633, "isBuyerMaker": true, "isBestMatch": true}, {"id": 32370902, "price": "0.97470000", "qty": "51.20000000", "quoteQty": "49.90464000", "time": 1692716751760, "isBuyerMaker": false, "isBestMatch": true}, {"id": 32370903, "price": "0.97460000", "qty": "177.50000000", "quoteQty": "172.99150000", "time": 1692716752062, "isBuyerMaker": true, "isBestMatch": true}, {"id": 32370904, "price": "0.97460000", "qty": "18.00000000", "quoteQty": "17.54280000", "time": 1692716752062, "isBuyerMaker": true, "isBestMatch": true}, {"id": 32370905, "price": "0.97460000", "qty": "287.20000000", "quoteQty": "279.90512000", "time": 1692716752062, "isBuyerMaker": true, "isBestMatch": true}, {"id": 32370906, "price": "0.97460000", "qty": "5126.80000000", "quoteQty": "4996.57928000", "time": 1692716752062, "isBuyerMaker": true, "isBestMatch": true}, {"id": 32370907, "price": "0.97460000", "qty": "21.40000000", "quoteQty": "20.85644000", "time": 1692716752062, "isBuyerMaker": true, "isBestMatch": true}, {"id": 32370908, "price": "0.97460000", "qty": "20.50000000", "quoteQty": "19.97930000", "time": 1692716752062, "isBuyerMaker": true, "isBestMatch": true}, {"id": 32370909, "price": "0.97460000", "qty": "359.40000000", "quoteQty": "350.27124000", "time": 1692716752062, "isBuyerMaker": true, "isBestMatch": true}, {"id": 32370910, "price": "0.97460000", "qty": "571.70000000", "quoteQty": "557.17882000", "time": 1692716752062, "isBuyerMaker": true, "isBestMatch": true}, {"id": 32370911, "price": "0.97460000", "qty": "10.60000000", "quoteQty": "10.33076000", "time": 1692716752062, "isBuyerMaker": true, "isBestMatch": true}, {"id": 32370912, "price": "0.97460000", "qty": "1338.50000000", "quoteQty": "1304.50210000", "time": 1692716752063, "isBuyerMaker": true, "isBestMatch": true}, {"id": 32370913, "price": "0.97460000", "qty": "3270.70000000", "quoteQty": "3187.62422000", "time": 1692716752065, "isBuyerMaker": true, "isBestMatch": true}, {"id": 32370914, "price": "0.97460000", "qty": "508.10000000", "quoteQty": "495.19426000", "time": 1692716752067, "isBuyerMaker": true, "isBestMatch": true}, {"id": 32370915, "price": "0.97460000", "qty": "37.20000000", "quoteQty": "36.25512000", "time": 1692716752263, "isBuyerMaker": false, "isBestMatch": true}, {"id": 32370916, "price": "0.97440000", "qty": "13.70000000", "quoteQty": "13.34928000", "time": 1692716752424, "isBuyerMaker": true, "isBestMatch": true}, {"id": 32370917, "price": "0.97440000", "qty": "250.00000000", "quoteQty": "243.60000000", "time": 1692716752424, "isBuyerMaker": true, "isBestMatch": true}, {"id": 32370918, "price": "0.97440000", "qty": "21.60000000", "quoteQty": "21.04704000", "time": 1692716752610, "isBuyerMaker": false, "isBestMatch": true}, {"id": 32370919, "price": "0.97420000", "qty": "12.00000000", "quoteQty": "11.69040000", "time": 1692716753739, "isBuyerMaker": true, "isBestMatch": true}, {"id": 32370920, "price": "0.97420000", "qty": "33.00000000", "quoteQty": "32.14860000", "time": 1692716753739, "isBuyerMaker": true, "isBestMatch": true}, {"id": 32370921, "price": "0.97420000", "qty": "21.40000000", "quoteQty": "20.84788000", "time": 1692716753739, "isBuyerMaker": true, "isBestMatch": true}, {"id": 32370922, "price": "0.97420000", "qty": "388.60000000", "quoteQty": "378.57412000", "time": 1692716753739, "isBuyerMaker": true, "isBestMatch": true}, {"id": 32370923, "price": "0.97430000", "qty": "158.70000000", "quoteQty": "154.62141000", "time": 1692716754257, "isBuyerMaker": false, "isBestMatch": true}, {"id": 32370924, "price": "0.97430000", "qty": "51.50000000", "quoteQty": "50.17645000", "time": 1692716754990, "isBuyerMaker": false, "isBestMatch": true}, {"id": 32370925, "price": "0.97420000", "qty": "187.60000000", "quoteQty": "182.75992000", "time": 1692716758977, "isBuyerMaker": true, "isBestMatch": true}, {"id": 32370926, "price": "0.97430000", "qty": "25.40000000", "quoteQty": "24.74722000", "time": 1692716759072, "isBuyerMaker": false, "isBestMatch": true}, {"id": 32370927, "price": "0.97420000", "qty": "42.40000000", "quoteQty": "41.30608000", "time": 1692716759146, "isBuyerMaker": true, "isBestMatch": true}, {"id": 32370928, "price": "0.97420000", "qty": "357.60000000", "quoteQty": "348.37392000", "time": 1692716759146, "isBuyerMaker": true, "isBestMatch": true}, {"id": 32370929, "price": "0.97420000", "qty": "261.00000000", "quoteQty": "254.26620000", "time": 1692716759146, "isBuyerMaker": true, "isBestMatch": true}, {"id": 32370930, "price": "0.97420000", "qty": "2939.00000000", "quoteQty": "2863.17380000", "time": 1692716759146, "isBuyerMaker": true, "isBestMatch": true}, {"id": 32370931, "price": "0.97430000", "qty": "100.00000000", "quoteQty": "97.43000000", "time": 1692716759391, "isBuyerMaker": false, "isBestMatch": true}, {"id": 32370932, "price": "0.97430000", "qty": "166.20000000", "quoteQty": "161.92866000", "time": 1692716759426, "isBuyerMaker": false, "isBestMatch": true}, {"id": 32370933, "price": "0.97430000", "qty": "1025.50000000", "quoteQty": "999.14465000", "time": 1692716759781, "isBuyerMaker": false, "isBestMatch": true}, {"id": 32370934, "price": "0.97420000", "qty": "12.30000000", "quoteQty": "11.98266000", "time": 1692716759875, "isBuyerMaker": true, "isBestMatch": true}, {"id": 32370935, "price": "0.97430000", "qty": "50.00000000", "quoteQty": "48.71500000", "time": 1692716764199, "isBuyerMaker": false, "isBestMatch": true}, {"id": 32370936, "price": "0.97430000", "qty": "401.00000000", "quoteQty": "390.69430000", "time": 1692716764661, "isBuyerMaker": false, "isBestMatch": true}, {"id": 32370937, "price": "0.97430000", "qty": "250.00000000", "quoteQty": "243.57500000", "time": 1692716764661, "isBuyerMaker": false, "isBestMatch": true}, {"id": 32370938, "price": "0.97430000", "qty": "1308.80000000", "quoteQty": "1275.16384000", "time": 1692716764661, "isBuyerMaker": false, "isBestMatch": true}, {"id": 32370939, "price": "0.97430000", "qty": "983.00000000", "quoteQty": "957.73690000", "time": 1692716764661, "isBuyerMaker": false, "isBestMatch": true}, {"id": 32370940, "price": "0.97430000", "qty": "34.30000000", "quoteQty": "33.41849000", "time": 1692716764661, "isBuyerMaker": false, "isBestMatch": true}, {"id": 32370941, "price": "0.97430000", "qty": "259.10000000", "quoteQty": "252.44113000", "time": 1692716765318, "isBuyerMaker": false, "isBestMatch": true}, {"id": 32370942, "price": "0.97430000", "qty": "2105.30000000", "quoteQty": "2051.19379000", "time": 1692716765318, "isBuyerMaker": false, "isBestMatch": true}, {"id": 32370943, "price": "0.97430000", "qty": "1387.50000000", "quoteQty": "1351.84125000", "time": 1692716765318, "isBuyerMaker": false, "isBestMatch": true}, {"id": 32370944, "price": "0.97430000", "qty": "231.40000000", "quoteQty": "225.45302000", "time": 1692716765318, "isBuyerMaker": false, "isBestMatch": true}, {"id": 32370945, "price": "0.97430000", "qty": "121.40000000", "quoteQty": "118.28002000", "time": 1692716765318, "isBuyerMaker": false, "isBestMatch": true}, {"id": 32370946, "price": "0.97420000", "qty": "61.50000000", "quoteQty": "59.91330000", "time": 1692716766117, "isBuyerMaker": true, "isBestMatch": true}, {"id": 32370947, "price": "0.97420000", "qty": "77.60000000", "quoteQty": "75.59792000", "time": 1692716767309, "isBuyerMaker": true, "isBestMatch": true}, {"id": 32370948, "price": "0.97420000", "qty": "2039.00000000", "quoteQty": "1986.39380000", "time": 1692716769669, "isBuyerMaker": true, "isBestMatch": true}, {"id": 32370949, "price": "0.97420000", "qty": "8.80000000", "quoteQty": "8.57296000", "time": 1692716769669, "isBuyerMaker": true, "isBestMatch": true}, {"id": 32370950, "price": "0.97420000", "qty": "191.10000000", "quoteQty": "186.16962000", "time": 1692716769684, "isBuyerMaker": true, "isBestMatch": true}, {"id": 32370951, "price": "0.97420000", "qty": "113.00000000", "quoteQty": "110.08460000", "time": 1692716769739, "isBuyerMaker": true, "isBestMatch": true}, {"id": 32370952, "price": "0.97410000", "qty": "13.30000000", "quoteQty": "12.95553000", "time": 1692716770368, "isBuyerMaker": true, "isBestMatch": true}, {"id": 32370953, "price": "0.97410000", "qty": "16.80000000", "quoteQty": "16.36488000", "time": 1692716770368, "isBuyerMaker": true, "isBestMatch": true}, {"id": 32370954, "price": "0.97400000", "qty": "11.90000000", "quoteQty": "11.59060000", "time": 1692716770368, "isBuyerMaker": true, "isBestMatch": true}, {"id": 32370955, "price": "0.97390000", "qty": "32.00000000", "quoteQty": "31.16480000", "time": 1692716770368, "isBuyerMaker": true, "isBestMatch": true}, {"id": 32370956, "price": "0.97390000", "qty": "19.70000000", "quoteQty": "19.18583000", "time": 1692716770368, "isBuyerMaker": true, "isBestMatch": true}, {"id": 32370957, "price": "0.97400000", "qty": "46.60000000", "quoteQty": "45.38840000", "time": 1692716770681, "isBuyerMaker": false, "isBestMatch": true}, {"id": 32370958, "price": "0.97400000", "qty": "34.80000000", "quoteQty": "33.89520000", "time": 1692716771265, "isBuyerMaker": false, "isBestMatch": true}, {"id": 32370959, "price": "0.97390000", "qty": "13.70000000", "quoteQty": "13.34243000", "time": 1692716771288, "isBuyerMaker": true, "isBestMatch": true}, {"id": 32370960, "price": "0.97390000", "qty": "1688.80000000", "quoteQty": "1644.72232000", "time": 1692716771288, "isBuyerMaker": true, "isBestMatch": true}, {"id": 32370961, "price": "0.97390000", "qty": "3659.80000000", "quoteQty": "3564.27922000", "time": 1692716771288, "isBuyerMaker": true, "isBestMatch": true}, {"id": 32370962, "price": "0.97390000", "qty": "154.00000000", "quoteQty": "149.98060000", "time": 1692716771288, "isBuyerMaker": true, "isBestMatch": true}, {"id": 32370963, "price": "0.97390000", "qty": "24.00000000", "quoteQty": "23.37360000", "time": 1692716771288, "isBuyerMaker": true, "isBestMatch": true}, {"id": 32370964, "price": "0.97390000", "qty": "983.00000000", "quoteQty": "957.34370000", "time": 1692716771288, "isBuyerMaker": true, "isBestMatch": true}, {"id": 32370965, "price": "0.97390000", "qty": "289.50000000", "quoteQty": "281.94405000", "time": 1692716771288, "isBuyerMaker": true, "isBestMatch": true}, {"id": 32370966, "price": "0.97390000", "qty": "20.50000000", "quoteQty": "19.96495000", "time": 1692716771288, "isBuyerMaker": true, "isBestMatch": true}, {"id": 32370967, "price": "0.97390000", "qty": "1537.30000000", "quoteQty": "1497.17647000", "time": 1692716771288, "isBuyerMaker": true, "isBestMatch": true}, {"id": 32370968, "price": "0.97380000", "qty": "36.00000000", "quoteQty": "35.05680000", "time": 1692716771289, "isBuyerMaker": true, "isBestMatch": true}, {"id": 32370969, "price": "0.97380000", "qty": "21.40000000", "quoteQty": "20.83932000", "time": 1692716771289, "isBuyerMaker": true, "isBestMatch": true}, {"id": 32370970, "price": "0.97380000", "qty": "1406.20000000", "quoteQty": "1369.35756000", "time": 1692716771289, "isBuyerMaker": true, "isBestMatch": true}, {"id": 32370971, "price": "0.97380000", "qty": "801.30000000", "quoteQty": "780.30594000", "time": 1692716771292, "isBuyerMaker": true, "isBestMatch": true}, {"id": 32370972, "price": "0.97370000", "qty": "43.30000000", "quoteQty": "42.16121000", "time": 1692716771292, "isBuyerMaker": true, "isBestMatch": true}, {"id": 32370973, "price": "0.97370000", "qty": "13.60000000", "quoteQty": "13.24232000", "time": 1692716771292, "isBuyerMaker": true, "isBestMatch": true}, {"id": 32370974, "price": "0.97370000", "qty": "800.00000000", "quoteQty": "778.96000000", "time": 1692716771292, "isBuyerMaker": true, "isBestMatch": true}, {"id": 32370975, "price": "0.97370000", "qty": "1322.80000000", "quoteQty": "1288.01036000", "time": 1692716771292, "isBuyerMaker": true, "isBestMatch": true}, {"id": 32370976, "price": "0.97370000", "qty": "277.20000000", "quoteQty": "269.90964000", "time": 1692716771292, "isBuyerMaker": true, "isBestMatch": true}, {"id": 32370977, "price": "0.97360000", "qty": "4208.50000000", "quoteQty": "4097.39560000", "time": 1692716771292, "isBuyerMaker": true, "isBestMatch": true}, {"id": 32370978, "price": "0.97360000", "qty": "543.50000000", "quoteQty": "529.15160000", "time": 1692716771299, "isBuyerMaker": true, "isBestMatch": true}, {"id": 32370979, "price": "0.97360000", "qty": "308.50000000", "quoteQty": "300.35560000", "time": 1692716771388, "isBuyerMaker": true, "isBestMatch": true}, {"id": 32370980, "price": "0.97360000", "qty": "309.30000000", "quoteQty": "301.13448000", "time": 1692716771410, "isBuyerMaker": true, "isBestMatch": true}, {"id": 32370981, "price": "0.97360000", "qty": "673.70000000", "quoteQty": "655.91432000", "time": 1692716772356, "isBuyerMaker": true, "isBestMatch": true}, {"id": 32370982, "price": "0.97360000", "qty": "1301.20000000", "quoteQty": "1266.84832000", "time": 1692716772356, "isBuyerMaker": true, "isBestMatch": true}, {"id": 32370983, "price": "0.97360000", "qty": "16.50000000", "quoteQty": "16.06440000", "time": 1692716772852, "isBuyerMaker": true, "isBestMatch": true}, {"id": 32370984, "price": "0.97370000", "qty": "22.50000000", "quoteQty": "21.90825000", "time": 1692716773019, "isBuyerMaker": false, "isBestMatch": true}, {"id": 32370985, "price": "0.97360000", "qty": "1229.90000000", "quoteQty": "1197.43064000", "time": 1692716773063, "isBuyerMaker": true, "isBestMatch": true}, {"id": 32370986, "price": "0.97360000", "qty": "1093.80000000", "quoteQty": "1064.92368000", "time": 1692716773066, "isBuyerMaker": true, "isBestMatch": true}, {"id": 32370987, "price": "0.97360000", "qty": "464.20000000", "quoteQty": "451.94512000", "time": 1692716773073, "isBuyerMaker": true, "isBestMatch": true}, {"id": 32370988, "price": "0.97360000", "qty": "89.10000000", "quoteQty": "86.74776000", "time": 1692716773073, "isBuyerMaker": true, "isBestMatch": true}, {"id": 32370989, "price": "0.97360000", "qty": "1637.60000000", "quoteQty": "1594.36736000", "time": 1692716775012, "isBuyerMaker": true, "isBestMatch": true}, {"id": 32370990, "price": "0.97360000", "qty": "1073.50000000", "quoteQty": "1045.15960000", "time": 1692716775017, "isBuyerMaker": true, "isBestMatch": true}, {"id": 32370991, "price": "0.97360000", "qty": "1306.30000000", "quoteQty": "1271.81368000", "time": 1692716775024, "isBuyerMaker": true, "isBestMatch": true}, {"id": 32370992, "price": "0.97360000", "qty": "1430.10000000", "quoteQty": "1392.34536000", "time": 1692716775024, "isBuyerMaker": true, "isBestMatch": true}, {"id": 32370993, "price": "0.97360000", "qty": "1031.20000000", "quoteQty": "1003.97632000", "time": 1692716775024, "isBuyerMaker": true, "isBestMatch": true}, {"id": 32370994, "price": "0.97360000", "qty": "199.90000000", "quoteQty": "194.62264000", "time": 1692716775024, "isBuyerMaker": true, "isBestMatch": true}, {"id": 32370995, "price": "0.97360000", "qty": "2006.30000000", "quoteQty": "1953.33368000", "time": 1692716775025, "isBuyerMaker": true, "isBestMatch": true}, {"id": 32370996, "price": "0.97360000", "qty": "2926.90000000", "quoteQty": "2849.62984000", "time": 1692716775026, "isBuyerMaker": true, "isBestMatch": true}, {"id": 32370997, "price": "0.97360000", "qty": "904.10000000", "quoteQty": "880.23176000", "time": 1692716775026, "isBuyerMaker": true, "isBestMatch": true}, {"id": 32370998, "price": "0.97360000", "qty": "321.90000000", "quoteQty": "313.40184000", "time": 1692716775026, "isBuyerMaker": true, "isBestMatch": true}, {"id": 32370999, "price": "0.97360000", "qty": "42.70000000", "quoteQty": "41.57272000", "time": 1692716775026, "isBuyerMaker": true, "isBestMatch": true}, {"id": 32371000, "price": "0.97350000", "qty": "746.20000000", "quoteQty": "726.42570000", "time": 1692716775114, "isBuyerMaker": true, "isBestMatch": true}, {"id": 32371001, "price": "0.97350000", "qty": "306.50000000", "quoteQty": "298.37775000", "time": 1692716775117, "isBuyerMaker": true, "isBestMatch": true}, {"id": 32371002, "price": "0.97350000", "qty": "3947.30000000", "quoteQty": "3842.69655000", "time": 1692716775144, "isBuyerMaker": true, "isBestMatch": true}, {"id": 32371003, "price": "0.97350000", "qty": "21.40000000", "quoteQty": "20.83290000", "time": 1692716775144, "isBuyerMaker": true, "isBestMatch": true}, {"id": 32371004, "price": "0.97340000", "qty": "30.30000000", "quoteQty": "29.49402000", "time": 1692716775561, "isBuyerMaker": true, "isBestMatch": true}, {"id": 32371005, "price": "0.97340000", "qty": "18.70000000", "quoteQty": "18.20258000", "time": 1692716775561, "isBuyerMaker": true, "isBestMatch": true}, {"id": 32371006, "price": "0.97340000", "qty": "0.30000000", "quoteQty": "0.29202000", "time": 1692716775564, "isBuyerMaker": true, "isBestMatch": true}, {"id": 32371007, "price": "0.97340000", "qty": "209.90000000", "quoteQty": "204.31666000", "time": 1692716775569, "isBuyerMaker": false, "isBestMatch": true}, {"id": 32371008, "price": "0.97340000", "qty": "591.40000000", "quoteQty": "575.66876000", "time": 1692716776859, "isBuyerMaker": false, "isBestMatch": true}, {"id": 32371009, "price": "0.97340000", "qty": "128.00000000", "quoteQty": "124.59520000", "time": 1692716776859, "isBuyerMaker": false, "isBestMatch": true}, {"id": 32371010, "price": "0.97340000", "qty": "73.00000000", "quoteQty": "71.05820000", "time": 1692716777265, "isBuyerMaker": false, "isBestMatch": true}, {"id": 32371011, "price": "0.97340000", "qty": "87.90000000", "quoteQty": "85.56186000", "time": 1692716777719, "isBuyerMaker": false, "isBestMatch": true}, {"id": 32371012, "price": "0.97350000", "qty": "42.80000000", "quoteQty": "41.66580000", "time": 1692716778822, "isBuyerMaker": false, "isBestMatch": true}, {"id": 32371013, "price": "0.97350000", "qty": "13.30000000", "quoteQty": "12.94755000", "time": 1692716780723, "isBuyerMaker": false, "isBestMatch": true}, {"id": 32371014, "price": "0.97350000", "qty": "20.60000000", "quoteQty": "20.05410000", "time": 1692716781532, "isBuyerMaker": false, "isBestMatch": true}, {"id": 32371015, "price": "0.97340000", "qty": "410.50000000", "quoteQty": "399.58070000", "time": 1692716783125, "isBuyerMaker": true, "isBestMatch": true}, {"id": 32371016, "price": "0.97350000", "qty": "32.40000000", "quoteQty": "31.54140000", "time": 1692716783285, "isBuyerMaker": false, "isBestMatch": true}, {"id": 32371017, "price": "0.97340000", "qty": "572.50000000", "quoteQty": "557.27150000", "time": 1692716784904, "isBuyerMaker": true, "isBestMatch": true}, {"id": 32371018, "price": "0.97340000", "qty": "3045.40000000", "quoteQty": "2964.39236000", "time": 1692716784904, "isBuyerMaker": true, "isBestMatch": true}, {"id": 32371019, "price": "0.97350000", "qty": "21.20000000", "quoteQty": "20.63820000", "time": 1692716785778, "isBuyerMaker": false, "isBestMatch": true}, {"id": 32371020, "price": "0.97350000", "qty": "1656.70000000", "quoteQty": "1612.79745000", "time": 1692716786232, "isBuyerMaker": false, "isBestMatch": true}, {"id": 32371021, "price": "0.97350000", "qty": "482.90000000", "quoteQty": "470.10315000", "time": 1692716786232, "isBuyerMaker": false, "isBestMatch": true}, {"id": 32371022, "price": "0.97350000", "qty": "311.70000000", "quoteQty": "303.43995000", "time": 1692716786232, "isBuyerMaker": false, "isBestMatch": true}, {"id": 32371023, "price": "0.97370000", "qty": "366.30000000", "quoteQty": "356.66631000", "time": 1692716786435, "isBuyerMaker": false, "isBestMatch": true}, {"id": 32371024, "price": "0.97370000", "qty": "594.20000000", "quoteQty": "578.57254000", "time": 1692716786436, "isBuyerMaker": false, "isBestMatch": true}, {"id": 32371025, "price": "0.97370000", "qty": "250.00000000", "quoteQty": "243.42500000", "time": 1692716786436, "isBuyerMaker": false, "isBestMatch": true}, {"id": 32371026, "price": "0.97370000", "qty": "218.20000000", "quoteQty": "212.46134000", "time": 1692716786436, "isBuyerMaker": false, "isBestMatch": true}, {"id": 32371027, "price": "0.97370000", "qty": "67.40000000", "quoteQty": "65.62738000", "time": 1692716786440, "isBuyerMaker": false, "isBestMatch": true}, {"id": 32371028, "price": "0.97370000", "qty": "1743.80000000", "quoteQty": "1697.93806000", "time": 1692716786440, "isBuyerMaker": false, "isBestMatch": true}, {"id": 32371029, "price": "0.97370000", "qty": "173.40000000", "quoteQty": "168.83958000", "time": 1692716786440, "isBuyerMaker": false, "isBestMatch": true}, {"id": 32371030, "price": "0.97380000", "qty": "1743.60000000", "quoteQty": "1697.91768000", "time": 1692716787371, "isBuyerMaker": false, "isBestMatch": true}, {"id": 32371031, "price": "0.97400000", "qty": "4809.60000000", "quoteQty": "4684.55040000", "time": 1692716787464, "isBuyerMaker": false, "isBestMatch": true}, {"id": 32371032, "price": "0.97390000", "qty": "195.70000000", "quoteQty": "190.59223000", "time": 1692716788046, "isBuyerMaker": true, "isBestMatch": true}, {"id": 32371033, "price": "0.97390000", "qty": "983.00000000", "quoteQty": "957.34370000", "time": 1692716788046, "isBuyerMaker": true, "isBestMatch": true}, {"id": 32371034, "price": "0.97390000", "qty": "311.50000000", "quoteQty": "303.36985000", "time": 1692716788046, "isBuyerMaker": true, "isBestMatch": true}, {"id": 32371035, "price": "0.97390000", "qty": "246.40000000", "quoteQty": "239.96896000", "time": 1692716788046, "isBuyerMaker": true, "isBestMatch": true}, {"id": 32371036, "price": "0.97390000", "qty": "250.00000000", "quoteQty": "243.47500000", "time": 1692716788046, "isBuyerMaker": true, "isBestMatch": true}, {"id": 32371037, "price": "0.97390000", "qty": "414.30000000", "quoteQty": "403.48677000", "time": 1692716788046, "isBuyerMaker": true, "isBestMatch": true}, {"id": 32371038, "price": "0.97400000", "qty": "1743.30000000", "quoteQty": "1697.97420000", "time": 1692716790186, "isBuyerMaker": false, "isBestMatch": true}, {"id": 32371039, "price": "0.97410000", "qty": "11.00000000", "quoteQty": "10.71510000", "time": 1692716790263, "isBuyerMaker": false, "isBestMatch": true}, {"id": 32371040, "price": "0.97410000", "qty": "1743.00000000", "quoteQty": "1697.85630000", "time": 1692716790299, "isBuyerMaker": false, "isBestMatch": true}, {"id": 32371041, "price": "0.97410000", "qty": "0.10000000", "quoteQty": "0.09741000", "time": 1692716790305, "isBuyerMaker": false, "isBestMatch": true}, {"id": 32371042, "price": "0.97420000", "qty": "310.40000000", "quoteQty": "302.39168000", "time": 1692716792362, "isBuyerMaker": false, "isBestMatch": true}, {"id": 32371043, "price": "0.97420000", "qty": "1432.50000000", "quoteQty": "1395.54150000", "time": 1692716792364, "isBuyerMaker": false, "isBestMatch": true}, {"id": 32371044, "price": "0.97440000", "qty": "287.30000000", "quoteQty": "279.94512000", "time": 1692716793068, "isBuyerMaker": false, "isBestMatch": true}, {"id": 32371045, "price": "0.97440000", "qty": "1586.60000000", "quoteQty": "1545.98304000", "time": 1692716793068, "isBuyerMaker": false, "isBestMatch": true}, {"id": 32371046, "price": "0.97440000", "qty": "310.00000000", "quoteQty": "302.06400000", "time": 1692716793068, "isBuyerMaker": false, "isBestMatch": true}, {"id": 32371047, "price": "0.97460000", "qty": "195.80000000", "quoteQty": "190.82668000", "time": 1692716793523, "isBuyerMaker": true, "isBestMatch": true}, {"id": 32371048, "price": "0.97460000", "qty": "91.50000000", "quoteQty": "89.17590000", "time": 1692716793523, "isBuyerMaker": true, "isBestMatch": true}, {"id": 32371049, "price": "0.97470000", "qty": "61.50000000", "quoteQty": "59.94405000", "time": 1692716794603, "isBuyerMaker": false, "isBestMatch": true}, {"id": 32371050, "price": "0.97490000", "qty": "7654.20000000", "quoteQty": "7462.07958000", "time": 1692716796832, "isBuyerMaker": false, "isBestMatch": true}, {"id": 32371051, "price": "0.97490000", "qty": "66.10000000", "quoteQty": "64.44089000", "time": 1692716796832, "isBuyerMaker": false, "isBestMatch": true}, {"id": 32371052, "price": "0.97500000", "qty": "355.30000000", "quoteQty": "346.41750000", "time": 1692716797478, "isBuyerMaker": false, "isBestMatch": true}, {"id": 32371053, "price": "0.97500000", "qty": "127.30000000", "quoteQty": "124.11750000", "time": 1692716797478, "isBuyerMaker": false, "isBestMatch": true}, {"id": 32371054, "price": "0.97510000", "qty": "21.40000000", "quoteQty": "20.86714000", "time": 1692716798150, "isBuyerMaker": false, "isBestMatch": true}, {"id": 32371055, "price": "0.97510000", "qty": "250.00000000", "quoteQty": "243.77500000", "time": 1692716798150, "isBuyerMaker": false, "isBestMatch": true}, {"id": 32371056, "price": "0.97510000", "qty": "128.60000000", "quoteQty": "125.39786000", "time": 1692716798150, "isBuyerMaker": false, "isBestMatch": true}, {"id": 32371057, "price": "0.97510000", "qty": "800.00000000", "quoteQty": "780.08000000", "time": 1692716798150, "isBuyerMaker": false, "isBestMatch": true}, {"id": 32371058, "price": "0.97530000", "qty": "12.30000000", "quoteQty": "11.99619000", "time": 1692716799509, "isBuyerMaker": false, "isBestMatch": true}, {"id": 32371059, "price": "0.97530000", "qty": "21.40000000", "quoteQty": "20.87142000", "time": 1692716802235, "isBuyerMaker": false, "isBestMatch": true}, {"id": 32371060, "price": "0.97530000", "qty": "106.70000000", "quoteQty": "104.06451000", "time": 1692716802235, "isBuyerMaker": false, "isBestMatch": true}, {"id": 32371061, "price": "0.97530000", "qty": "1741.00000000", "quoteQty": "1697.99730000", "time": 1692716806296, "isBuyerMaker": false, "isBestMatch": true}, {"id": 32371062, "price": "0.97540000", "qty": "99.70000000", "quoteQty": "97.24738000", "time": 1692716806638, "isBuyerMaker": true, "isBestMatch": true}, {"id": 32371063, "price": "0.97550000", "qty": "507.60000000", "quoteQty": "495.16380000", "time": 1692716808300, "isBuyerMaker": true, "isBestMatch": true}