[{"id": 32697058, "price": "0.95580000", "qty": "191.10000000", "quoteQty": "182.65338000", "time": 1693158824000, "isBuyerMaker": false, "isBestMatch": true}, {"id": 32697059, "price": "0.95570000", "qty": "560.60000000", "quoteQty": "535.76542000", "time": 1693158828458, "isBuyerMaker": true, "isBestMatch": true}, {"id": 32697060, "price": "0.95570000", "qty": "477.60000000", "quoteQty": "456.44232000", "time": 1693158828458, "isBuyerMaker": true, "isBestMatch": true}, {"id": 32697061, "price": "0.95570000", "qty": "247.50000000", "quoteQty": "236.53575000", "time": 1693158828458, "isBuyerMaker": true, "isBestMatch": true}, {"id": 32697062, "price": "0.95550000", "qty": "110.30000000", "quoteQty": "105.39165000", "time": 1693158828497, "isBuyerMaker": true, "isBestMatch": true}, {"id": 32697063, "price": "0.95550000", "qty": "100.00000000", "quoteQty": "95.55000000", "time": 1693158828497, "isBuyerMaker": true, "isBestMatch": true}, {"id": 32697064, "price": "0.95550000", "qty": "206.40000000", "quoteQty": "197.21520000", "time": 1693158828497, "isBuyerMaker": true, "isBestMatch": true}, {"id": 32697065, "price": "0.95550000", "qty": "2.90000000", "quoteQty": "2.77095000", "time": 1693158828497, "isBuyerMaker": true, "isBestMatch": true}, {"id": 32697066, "price": "0.95530000", "qty": "21.80000000", "quoteQty": "20.82554000", "time": 1693158828606, "isBuyerMaker": true, "isBestMatch": true}, {"id": 32697067, "price": "0.95530000", "qty": "250.00000000", "quoteQty": "238.82500000", "time": 1693158828606, "isBuyerMaker": true, "isBestMatch": true}, {"id": 32697068, "price": "0.95520000", "qty": "91.90000000", "quoteQty": "87.78288000", "time": 1693158828606, "isBuyerMaker": true, "isBestMatch": true}, {"id": 32697069, "price": "0.95520000", "qty": "246.90000000", "quoteQty": "235.83888000", "time": 1693158828606, "isBuyerMaker": true, "isBestMatch": true}, {"id": 32697070, "price": "0.95520000", "qty": "104.90000000", "quoteQty": "100.20048000", "time": 1693158828606, "isBuyerMaker": true, "isBestMatch": true}, {"id": 32697071, "price": "0.95520000", "qty": "909.80000000", "quoteQty": "869.04096000", "time": 1693158828606, "isBuyerMaker": true, "isBestMatch": true}, {"id": 32697072, "price": "0.95520000", "qty": "246.90000000", "quoteQty": "235.83888000", "time": 1693158828606, "isBuyerMaker": true, "isBestMatch": true}, {"id": 32697073, "price": "0.95520000", "qty": "246.90000000", "quoteQty": "235.83888000", "time": 1693158828606, "isBuyerMaker": true, "isBestMatch": true}, {"id": 32697074, "price": "0.95520000", "qty": "246.90000000", "quoteQty": "235.83888000", "time": 1693158828606, "isBuyerMaker": true, "isBestMatch": true}, {"id": 32697075, "price": "0.95520000", "qty": "246.90000000", "quoteQty": "235.83888000", "time": 1693158828606, "isBuyerMaker": true, "isBestMatch": true}, {"id": 32697076, "price": "0.95520000", "qty": "181.60000000", "quoteQty": "173.46432000", "time": 1693158828606, "isBuyerMaker": true, "isBestMatch": true}, {"id": 32697077, "price": "0.95520000", "qty": "65.30000000", "quoteQty": "62.37456000", "time": 1693158828764, "isBuyerMaker": true, "isBestMatch": true}, {"id": 32697078, "price": "0.95520000", "qty": "534.20000000", "quoteQty": "510.26784000", "time": 1693158828764, "isBuyerMaker": true, "isBestMatch": true}, {"id": 32697079, "price": "0.95520000", "qty": "12.80000000", "quoteQty": "12.22656000", "time": 1693158829153, "isBuyerMaker": true, "isBestMatch": true}, {"id": 32697080, "price": "0.95530000", "qty": "16.30000000", "quoteQty": "15.57139000", "time": 1693158829178, "isBuyerMaker": false, "isBestMatch": true}, {"id": 32697081, "price": "0.95520000", "qty": "250.00000000", "quoteQty": "238.80000000", "time": 1693158829307, "isBuyerMaker": true, "isBestMatch": true}, {"id": 32697082, "price": "0.95530000", "qty": "52.30000000", "quoteQty": "49.96219000", "time": 1693158829481, "isBuyerMaker": false, "isBestMatch": true}, {"id": 32697083, "price": "0.95520000", "qty": "122.00000000", "quoteQty": "116.53440000", "time": 1693158829802, "isBuyerMaker": true, "isBestMatch": true}, {"id": 32697084, "price": "0.95520000", "qty": "122.00000000", "quoteQty": "116.53440000", "time": 1693158830045, "isBuyerMaker": true, "isBestMatch": true}, {"id": 32697085, "price": "0.95520000", "qty": "64.80000000", "quoteQty": "61.89696000", "time": 1693158830046, "isBuyerMaker": true, "isBestMatch": true}, {"id": 32697086, "price": "0.95520000", "qty": "246.90000000", "quoteQty": "235.83888000", "time": 1693158830046, "isBuyerMaker": true, "isBestMatch": true}, {"id": 32697087, "price": "0.95520000", "qty": "20.90000000", "quoteQty": "19.96368000", "time": 1693158830046, "isBuyerMaker": true, "isBestMatch": true}, {"id": 32697088, "price": "0.95520000", "qty": "113.10000000", "quoteQty": "108.03312000", "time": 1693158830046, "isBuyerMaker": true, "isBestMatch": true}, {"id": 32697089, "price": "0.95520000", "qty": "133.80000000", "quoteQty": "127.80576000", "time": 1693158830046, "isBuyerMaker": true, "isBestMatch": true}, {"id": 32697090, "price": "0.95520000", "qty": "246.90000000", "quoteQty": "235.83888000", "time": 1693158830046, "isBuyerMaker": true, "isBestMatch": true}, {"id": 32697091, "price": "0.95520000", "qty": "246.40000000", "quoteQty": "235.36128000", "time": 1693158830046, "isBuyerMaker": true, "isBestMatch": true}, {"id": 32697092, "price": "0.95510000", "qty": "11.20000000", "quoteQty": "10.69712000", "time": 1693158830046, "isBuyerMaker": true, "isBestMatch": true}, {"id": 32697093, "price": "0.95510000", "qty": "128.20000000", "quoteQty": "122.44382000", "time": 1693158830046, "isBuyerMaker": true, "isBestMatch": true}, {"id": 32697094, "price": "0.95510000", "qty": "33.50000000", "quoteQty": "31.99585000", "time": 1693158830046, "isBuyerMaker": true, "isBestMatch": true}, {"id": 32697095, "price": "0.95510000", "qty": "800.00000000", "quoteQty": "764.08000000", "time": 1693158830046, "isBuyerMaker": true, "isBestMatch": true}, {"id": 32697096, "price": "0.95510000", "qty": "531.10000000", "quoteQty": "507.25361000", "time": 1693158830047, "isBuyerMaker": true, "isBestMatch": true}, {"id": 32697097, "price": "0.95510000", "qty": "21.80000000", "quoteQty": "20.82118000", "time": 1693158830047, "isBuyerMaker": true, "isBestMatch": true}, {"id": 32697098, "price": "0.95500000", "qty": "11.50000000", "quoteQty": "10.98250000", "time": 1693158830047, "isBuyerMaker": true, "isBestMatch": true}, {"id": 32697099, "price": "0.95500000", "qty": "261.80000000", "quoteQty": "250.01900000", "time": 1693158830047, "isBuyerMaker": true, "isBestMatch": true}, {"id": 32697100, "price": "0.95500000", "qty": "209.40000000", "quoteQty": "199.97700000", "time": 1693158830047, "isBuyerMaker": true, "isBestMatch": true}, {"id": 32697101, "price": "0.95500000", "qty": "837.60000000", "quoteQty": "799.90800000", "time": 1693158830047, "isBuyerMaker": true, "isBestMatch": true}, {"id": 32697102, "price": "0.95500000", "qty": "500.00000000", "quoteQty": "477.50000000", "time": 1693158830047, "isBuyerMaker": true, "isBestMatch": true}, {"id": 32697103, "price": "0.95500000", "qty": "42.30000000", "quoteQty": "40.39650000", "time": 1693158830047, "isBuyerMaker": true, "isBestMatch": true}, {"id": 32697104, "price": "0.95500000", "qty": "1000.00000000", "quoteQty": "955.00000000", "time": 1693158830047, "isBuyerMaker": true, "isBestMatch": true}, {"id": 32697105, "price": "0.95500000", "qty": "1047.10000000", "quoteQty": "999.98050000", "time": 1693158830047, "isBuyerMaker": true, "isBestMatch": true}, {"id": 32697106, "price": "0.95500000", "qty": "348.00000000", "quoteQty": "332.34000000", "time": 1693158830047, "isBuyerMaker": true, "isBestMatch": true}, {"id": 32697107, "price": "0.95500000", "qty": "247.80000000", "quoteQty": "236.64900000", "time": 1693158830047, "isBuyerMaker": true, "isBestMatch": true}, {"id": 32697108, "price": "0.95500000", "qty": "837.00000000", "quoteQty": "799.33500000", "time": 1693158830047, "isBuyerMaker": true, "isBestMatch": true}, {"id": 32697109, "price": "0.95490000", "qty": "12.00000000", "quoteQty": "11.45880000", "time": 1693158830047, "isBuyerMaker": true, "isBestMatch": true}, {"id": 32697110, "price": "0.95490000", "qty": "2097.30000000", "quoteQty": "2002.71177000", "time": 1693158830047, "isBuyerMaker": true, "isBestMatch": true}, {"id": 32697111, "price": "0.95490000", "qty": "639.10000000", "quoteQty": "610.27659000", "time": 1693158830047, "isBuyerMaker": true, "isBestMatch": true}, {"id": 32697112, "price": "0.95480000", "qty": "136.30000000", "quoteQty": "130.13924000", "time": 1693158830052, "isBuyerMaker": true, "isBestMatch": true}, {"id": 32697113, "price": "0.95480000", "qty": "136.30000000", "quoteQty": "130.13924000", "time": 1693158830053, "isBuyerMaker": true, "isBestMatch": true}, {"id": 32697114, "price": "0.95480000", "qty": "136.30000000", "quoteQty": "130.13924000", "time": 1693158830053, "isBuyerMaker": true, "isBestMatch": true}, {"id": 32697115, "price": "0.95480000", "qty": "136.30000000", "quoteQty": "130.13924000", "time": 1693158830054, "isBuyerMaker": true, "isBestMatch": true}, {"id": 32697116, "price": "0.95480000", "qty": "33.00000000", "quoteQty": "31.50840000", "time": 1693158830063, "isBuyerMaker": true, "isBestMatch": true}, {"id": 32697117, "price": "0.95480000", "qty": "103.30000000", "quoteQty": "98.63084000", "time": 1693158830063, "isBuyerMaker": true, "isBestMatch": true}, {"id": 32697118, "price": "0.95490000", "qty": "556.60000000", "quoteQty": "531.49734000", "time": 1693158830093, "isBuyerMaker": false, "isBestMatch": true}, {"id": 32697119, "price": "0.95490000", "qty": "1043.00000000", "quoteQty": "995.96070000", "time": 1693158830093, "isBuyerMaker": false, "isBestMatch": true}, {"id": 32697120, "price": "0.95490000", "qty": "358.40000000", "quoteQty": "342.23616000", "time": 1693158830093, "isBuyerMaker": false, "isBestMatch": true}, {"id": 32697121, "price": "0.95490000", "qty": "887.00000000", "quoteQty": "846.99630000", "time": 1693158830093, "isBuyerMaker": false, "isBestMatch": true}, {"id": 32697122, "price": "0.95490000", "qty": "191.10000000", "quoteQty": "182.48139000", "time": 1693158830093, "isBuyerMaker": false, "isBestMatch": true}, {"id": 32697123, "price": "0.95490000", "qty": "241.00000000", "quoteQty": "230.13090000", "time": 1693158830093, "isBuyerMaker": false, "isBestMatch": true}, {"id": 32697124, "price": "0.95490000", "qty": "256.50000000", "quoteQty": "244.93185000", "time": 1693158830093, "isBuyerMaker": false, "isBestMatch": true}, {"id": 32697125, "price": "0.95490000", "qty": "923.80000000", "quoteQty": "882.13662000", "time": 1693158830093, "isBuyerMaker": false, "isBestMatch": true}, {"id": 32697126, "price": "0.95490000", "qty": "84.90000000", "quoteQty": "81.07101000", "time": 1693158830101, "isBuyerMaker": false, "isBestMatch": true}, {"id": 32697127, "price": "0.95480000", "qty": "316.90000000", "quoteQty": "302.57612000", "time": 1693158830224, "isBuyerMaker": true, "isBestMatch": true}, {"id": 32697128, "price": "0.95490000", "qty": "52.40000000", "quoteQty": "50.03676000", "time": 1693158830480, "isBuyerMaker": false, "isBestMatch": true}, {"id": 32697129, "price": "0.95480000", "qty": "466.80000000", "quoteQty": "445.70064000", "time": 1693158830500, "isBuyerMaker": true, "isBestMatch": true}, {"id": 32697130, "price": "0.95480000", "qty": "250.00000000", "quoteQty": "238.70000000", "time": 1693158830500, "isBuyerMaker": true, "isBestMatch": true}, {"id": 32697131, "price": "0.95480000", "qty": "263.20000000", "quoteQty": "251.30336000", "time": 1693158830500, "isBuyerMaker": true, "isBestMatch": true}, {"id": 32697132, "price": "0.95480000", "qty": "93.70000000", "quoteQty": "89.46476000", "time": 1693158831162, "isBuyerMaker": true, "isBestMatch": true}, {"id": 32697133, "price": "0.95490000", "qty": "62.80000000", "quoteQty": "59.96772000", "time": 1693158831342, "isBuyerMaker": false, "isBestMatch": true}, {"id": 32697134, "price": "0.95490000", "qty": "191.10000000", "quoteQty": "182.48139000", "time": 1693158834555, "isBuyerMaker": false, "isBestMatch": true}, {"id": 32697135, "price": "0.95490000", "qty": "58.90000000", "quoteQty": "56.24361000", "time": 1693158834556, "isBuyerMaker": false, "isBestMatch": true}, {"id": 32697136, "price": "0.95500000", "qty": "107.80000000", "quoteQty": "102.94900000", "time": 1693158838501, "isBuyerMaker": false, "isBestMatch": true}, {"id": 32697137, "price": "0.95500000", "qty": "16.50000000", "quoteQty": "15.75750000", "time": 1693158844202, "isBuyerMaker": false, "isBestMatch": true}, {"id": 32697138, "price": "0.95500000", "qty": "211.90000000", "quoteQty": "202.36450000", "time": 1693158844202, "isBuyerMaker": false, "isBestMatch": true}, {"id": 32697139, "price": "0.95510000", "qty": "887.00000000", "quoteQty": "847.17370000", "time": 1693158844202, "isBuyerMaker": false, "isBestMatch": true}, {"id": 32697140, "price": "0.95510000", "qty": "298.40000000", "quoteQty": "285.00184000", "time": 1693158844202, "isBuyerMaker": false, "isBestMatch": true}, {"id": 32697141, "price": "0.95510000", "qty": "57.90000000", "quoteQty": "55.30029000", "time": 1693158844212, "isBuyerMaker": false, "isBestMatch": true}, {"id": 32697142, "price": "0.95510000", "qty": "373.60000000", "quoteQty": "356.82536000", "time": 1693158844212, "isBuyerMaker": false, "isBestMatch": true}, {"id": 32697143, "price": "0.95510000", "qty": "227.20000000", "quoteQty": "216.99872000", "time": 1693158845464, "isBuyerMaker": false, "isBestMatch": true}, {"id": 32697144, "price": "0.95500000", "qty": "14.60000000", "quoteQty": "13.94300000", "time": 1693158848978, "isBuyerMaker": true, "isBestMatch": true}, {"id": 32697145, "price": "0.95520000", "qty": "358.50000000", "quoteQty": "342.43920000", "time": 1693158848980, "isBuyerMaker": false, "isBestMatch": true}, {"id": 32697146, "price": "0.95520000", "qty": "1074.90000000", "quoteQty": "1026.74448000", "time": 1693158848980, "isBuyerMaker": false, "isBestMatch": true}, {"id": 32697147, "price": "0.95520000", "qty": "113.30000000", "quoteQty": "108.22416000", "time": 1693158857788, "isBuyerMaker": true, "isBestMatch": true}, {"id": 32697148, "price": "0.95530000", "qty": "238.60000000", "quoteQty": "227.93458000", "time": 1693158859196, "isBuyerMaker": false, "isBestMatch": true}, {"id": 32697149, "price": "0.95530000", "qty": "207.60000000", "quoteQty": "198.32028000", "time": 1693158859196, "isBuyerMaker": false, "isBestMatch": true}, {"id": 32697150, "price": "0.95530000", "qty": "26.10000000", "quoteQty": "24.93333000", "time": 1693158860235, "isBuyerMaker": true, "isBestMatch": true}, {"id": 32697151, "price": "0.95520000", "qty": "13.10000000", "quoteQty": "12.51312000", "time": 1693158864220, "isBuyerMaker": true, "isBestMatch": true}, {"id": 32697152, "price": "0.95520000", "qty": "103.80000000", "quoteQty": "99.14976000", "time": 1693158875748, "isBuyerMaker": true, "isBestMatch": true}, {"id": 32697153, "price": "0.95530000", "qty": "405.40000000", "quoteQty": "387.27862000", "time": 1693158882496, "isBuyerMaker": false, "isBestMatch": true}, {"id": 32697154, "price": "0.95530000", "qty": "500.60000000", "quoteQty": "478.22318000", "time": 1693158882496, "isBuyerMaker": false, "isBestMatch": true}, {"id": 32697155, "price": "0.95530000", "qty": "714.70000000", "quoteQty": "682.75291000", "time": 1693158882496, "isBuyerMaker": false, "isBestMatch": true}, {"id": 32697156, "price": "0.95530000", "qty": "358.80000000", "quoteQty": "342.76164000", "time": 1693158882496, "isBuyerMaker": false, "isBestMatch": true}, {"id": 32697157, "price": "0.95530000", "qty": "654.80000000", "quoteQty": "625.53044000", "time": 1693158882496, "isBuyerMaker": false, "isBestMatch": true}, {"id": 32697158, "price": "0.95540000", "qty": "122.00000000", "quoteQty": "116.55880000", "time": 1693158882557, "isBuyerMaker": false, "isBestMatch": true}, {"id": 32697159, "price": "0.95540000", "qty": "309.50000000", "quoteQty": "295.69630000", "time": 1693158882557, "isBuyerMaker": false, "isBestMatch": true}, {"id": 32697160, "price": "0.95540000", "qty": "13.40000000", "quoteQty": "12.80236000", "time": 1693158883212, "isBuyerMaker": true, "isBestMatch": true}, {"id": 32697161, "price": "0.95540000", "qty": "13.40000000", "quoteQty": "12.80236000", "time": 1693158883213, "isBuyerMaker": true, "isBestMatch": true}, {"id": 32697162, "price": "0.95540000", "qty": "530.10000000", "quoteQty": "506.45754000", "time": 1693158892359, "isBuyerMaker": true, "isBestMatch": true}, {"id": 32697163, "price": "0.95540000", "qty": "358.50000000", "quoteQty": "342.51090000", "time": 1693158892359, "isBuyerMaker": true, "isBestMatch": true}, {"id": 32697164, "price": "0.95540000", "qty": "978.00000000", "quoteQty": "934.38120000", "time": 1693158892359, "isBuyerMaker": true, "isBestMatch": true}, {"id": 32697165, "price": "0.95540000", "qty": "714.70000000", "quoteQty": "682.82438000", "time": 1693158892359, "isBuyerMaker": true, "isBestMatch": true}, {"id": 32697166, "price": "0.95540000", "qty": "250.00000000", "quoteQty": "238.85000000", "time": 1693158892359, "isBuyerMaker": true, "isBestMatch": true}, {"id": 32697167, "price": "0.95540000", "qty": "1135.50000000", "quoteQty": "1084.85670000", "time": 1693158892359, "isBuyerMaker": true, "isBestMatch": true}, {"id": 32697168, "price": "0.95540000", "qty": "573.20000000", "quoteQty": "547.63528000", "time": 1693158892359, "isBuyerMaker": true, "isBestMatch": true}, {"id": 32697169, "price": "0.95540000", "qty": "1114.20000000", "quoteQty": "1064.50668000", "time": 1693158892359, "isBuyerMaker": true, "isBestMatch": true}, {"id": 32697170, "price": "0.95540000", "qty": "148.70000000", "quoteQty": "142.06798000", "time": 1693158892359, "isBuyerMaker": true, "isBestMatch": true}, {"id": 32697171, "price": "0.95520000", "qty": "714.70000000", "quoteQty": "682.68144000", "time": 1693158900376, "isBuyerMaker": false, "isBestMatch": true}, {"id": 32697172, "price": "0.95520000", "qty": "13.40000000", "quoteQty": "12.79968000", "time": 1693158900791, "isBuyerMaker": true, "isBestMatch": true}, {"id": 32697173, "price": "0.95540000", "qty": "209.30000000", "quoteQty": "199.96522000", "time": 1693158902509, "isBuyerMaker": false, "isBestMatch": true}, {"id": 32697174, "price": "0.95530000", "qty": "20.90000000", "quoteQty": "19.96577000", "time": 1693158905213, "isBuyerMaker": true, "isBestMatch": true}, {"id": 32697175, "price": "0.95540000", "qty": "105.30000000", "quoteQty": "100.60362000", "time": 1693158907066, "isBuyerMaker": false, "isBestMatch": true}, {"id": 32697176, "price": "0.95530000", "qty": "100.00000000", "quoteQty": "95.53000000", "time": 1693158910422, "isBuyerMaker": true, "isBestMatch": true}, {"id": 32697177, "price": "0.95500000", "qty": "358.20000000", "quoteQty": "342.08100000", "time": 1693158924907, "isBuyerMaker": true, "isBestMatch": true}, {"id": 32697178, "price": "0.95500000", "qty": "1074.70000000", "quoteQty": "1026.33850000", "time": 1693158924907, "isBuyerMaker": true, "isBestMatch": true}, {"id": 32697179, "price": "0.95500000", "qty": "836.80000000", "quoteQty": "799.14400000", "time": 1693158924907, "isBuyerMaker": true, "isBestMatch": true}, {"id": 32697180, "price": "0.95500000", "qty": "177.90000000", "quoteQty": "169.89450000", "time": 1693158928007, "isBuyerMaker": false, "isBestMatch": true}, {"id": 32697181, "price": "0.95500000", "qty": "52.40000000", "quoteQty": "50.04200000", "time": 1693158928480, "isBuyerMaker": false, "isBestMatch": true}, {"id": 32697182, "price": "0.95510000", "qty": "209.40000000", "quoteQty": "199.99794000", "time": 1693158947575, "isBuyerMaker": true, "isBestMatch": true}, {"id": 32697183, "price": "0.95500000", "qty": "393.90000000", "quoteQty": "376.17450000", "time": 1693158951813, "isBuyerMaker": true, "isBestMatch": true}, {"id": 32697184, "price": "0.95500000", "qty": "432.30000000", "quoteQty": "412.84650000", "time": 1693158951813, "isBuyerMaker": true, "isBestMatch": true}, {"id": 32697185, "price": "0.95500000", "qty": "364.80000000", "quoteQty": "348.38400000", "time": 1693158951815, "isBuyerMaker": true, "isBestMatch": true}, {"id": 32697186, "price": "0.95500000", "qty": "67.50000000", "quoteQty": "64.46250000", "time": 1693158951815, "isBuyerMaker": true, "isBestMatch": true}, {"id": 32697187, "price": "0.95500000", "qty": "182.50000000", "quoteQty": "174.28750000", "time": 1693158951815, "isBuyerMaker": true, "isBestMatch": true}, {"id": 32697188, "price": "0.95500000", "qty": "233.60000000", "quoteQty": "223.08800000", "time": 1693158951815, "isBuyerMaker": true, "isBestMatch": true}, {"id": 32697189, "price": "0.95490000", "qty": "16.20000000", "quoteQty": "15.46938000", "time": 1693158951815, "isBuyerMaker": true, "isBestMatch": true}, {"id": 32697190, "price": "0.95490000", "qty": "432.30000000", "quoteQty": "412.80327000", "time": 1693158951815, "isBuyerMaker": true, "isBestMatch": true}, {"id": 32697191, "price": "0.95490000", "qty": "393.90000000", "quoteQty": "376.13511000", "time": 1693158951816, "isBuyerMaker": true, "isBestMatch": true}, {"id": 32697192, "price": "0.95490000", "qty": "44.60000000", "quoteQty": "42.58854000", "time": 1693158951818, "isBuyerMaker": true, "isBestMatch": true}, {"id": 32697193, "price": "0.95490000", "qty": "322.50000000", "quoteQty": "307.95525000", "time": 1693158951818, "isBuyerMaker": true, "isBestMatch": true}, {"id": 32697194, "price": "0.95480000", "qty": "65.20000000", "quoteQty": "62.25296000", "time": 1693158951818, "isBuyerMaker": true, "isBestMatch": true}, {"id": 32697195, "price": "0.95500000", "qty": "21.00000000", "quoteQty": "20.05500000", "time": 1693158958351, "isBuyerMaker": true, "isBestMatch": true}, {"id": 32697196, "price": "0.95470000", "qty": "56.00000000", "quoteQty": "53.46320000", "time": 1693158960779, "isBuyerMaker": true, "isBestMatch": true}, {"id": 32697197, "price": "0.95470000", "qty": "265.20000000", "quoteQty": "253.18644000", "time": 1693158960779, "isBuyerMaker": true, "isBestMatch": true}, {"id": 32697198, "price": "0.95470000", "qty": "2213.70000000", "quoteQty": "2113.41939000", "time": 1693158960786, "isBuyerMaker": true, "isBestMatch": true}, {"id": 32697199, "price": "0.95470000", "qty": "1278.80000000", "quoteQty": "1220.87036000", "time": 1693158960786, "isBuyerMaker": true, "isBestMatch": true}, {"id": 32697200, "price": "0.95470000", "qty": "2469.60000000", "quoteQty": "2357.72712000", "time": 1693158960808, "isBuyerMaker": true, "isBestMatch": true}, {"id": 32697201, "price": "0.95460000", "qty": "24.00000000", "quoteQty": "22.91040000", "time": 1693158961298, "isBuyerMaker": false, "isBestMatch": true}, {"id": 32697202, "price": "0.95450000", "qty": "19.00000000", "quoteQty": "18.13550000", "time": 1693158961298, "isBuyerMaker": true, "isBestMatch": true}, {"id": 32697203, "price": "0.95450000", "qty": "30.30000000", "quoteQty": "28.92135000", "time": 1693158961298, "isBuyerMaker": true, "isBestMatch": true}, {"id": 32697204, "price": "0.95450000", "qty": "208.80000000", "quoteQty": "199.29960000", "time": 1693158961298, "isBuyerMaker": true, "isBestMatch": true}, {"id": 32697205, "price": "0.95460000", "qty": "216.10000000", "quoteQty": "206.28906000", "time": 1693158963669, "isBuyerMaker": false, "isBestMatch": true}, {"id": 32697206, "price": "0.95460000", "qty": "41.50000000", "quoteQty": "39.61590000", "time": 1693158964386, "isBuyerMaker": false, "isBestMatch": true}, {"id": 32697207, "price": "0.95450000", "qty": "127.00000000", "quoteQty": "121.22150000", "time": 1693158968798, "isBuyerMaker": true, "isBestMatch": true}, {"id": 32697208, "price": "0.95450000", "qty": "250.00000000", "quoteQty": "238.62500000", "time": 1693158968804, "isBuyerMaker": true, "isBestMatch": true}, {"id": 32697209, "price": "0.95450000", "qty": "191.10000000", "quoteQty": "182.40495000", "time": 1693158968808, "isBuyerMaker": true, "isBestMatch": true}, {"id": 32697210, "price": "0.95450000", "qty": "567.70000000", "quoteQty": "541.86965000", "time": 1693158968867, "isBuyerMaker": true, "isBestMatch": true}, {"id": 32697211, "price": "0.95450000", "qty": "435.20000000", "quoteQty": "415.39840000", "time": 1693158969975, "isBuyerMaker": true, "isBestMatch": true}, {"id": 32697212, "price": "0.95470000", "qty": "281.60000000", "quoteQty": "268.84352000", "time": 1693158971737, "isBuyerMaker": false, "isBestMatch": true}, {"id": 32697213, "price": "0.95480000", "qty": "425.40000000", "quoteQty": "406.17192000", "time": 1693158971745, "isBuyerMaker": false, "isBestMatch": true}, {"id": 32697214, "price": "0.95480000", "qty": "1174.60000000", "quoteQty": "1121.50808000", "time": 1693158971745, "isBuyerMaker": false, "isBestMatch": true}, {"id": 32697215, "price": "0.95480000", "qty": "173.90000000", "quoteQty": "166.03972000", "time": 1693158971745, "isBuyerMaker": false, "isBestMatch": true}, {"id": 32697216, "price": "0.95480000", "qty": "410.40000000", "quoteQty": "391.84992000", "time": 1693158971746, "isBuyerMaker": false, "isBestMatch": true}, {"id": 32697217, "price": "0.95500000", "qty": "1131.00000000", "quoteQty": "1080.10500000", "time": 1693158971915, "isBuyerMaker": false, "isBestMatch": true}, {"id": 32697218, "price": "0.95500000", "qty": "1042.30000000", "quoteQty": "995.39650000", "time": 1693158971915, "isBuyerMaker": false, "isBestMatch": true}, {"id": 32697219, "price": "0.95460000", "qty": "46.30000000", "quoteQty": "44.19798000", "time": 1693158978035, "isBuyerMaker": false, "isBestMatch": true}, {"id": 32697220, "price": "0.95450000", "qty": "315.50000000", "quoteQty": "301.14475000", "time": 1693158985699, "isBuyerMaker": true, "isBestMatch": true}, {"id": 32697221, "price": "0.95450000", "qty": "41.00000000", "quoteQty": "39.13450000", "time": 1693158985699, "isBuyerMaker": true, "isBestMatch": true}, {"id": 32697222, "price": "0.95440000", "qty": "104.80000000", "quoteQty": "100.02112000", "time": 1693158985722, "isBuyerMaker": true, "isBestMatch": true}, {"id": 32697223, "price": "0.95440000", "qty": "288.80000000", "quoteQty": "275.63072000", "time": 1693158985722, "isBuyerMaker": true, "isBestMatch": true}, {"id": 32697224, "price": "0.95440000", "qty": "393.60000000", "quoteQty": "375.65184000", "time": 1693158985724, "isBuyerMaker": true, "isBestMatch": true}, {"id": 32697225, "price": "0.95440000", "qty": "393.60000000", "quoteQty": "375.65184000", "time": 1693158985724, "isBuyerMaker": true, "isBestMatch": true}, {"id": 32697226, "price": "0.95440000", "qty": "393.60000000", "quoteQty": "375.65184000", "time": 1693158985724, "isBuyerMaker": true, "isBestMatch": true}, {"id": 32697227, "price": "0.95440000", "qty": "393.60000000", "quoteQty": "375.65184000", "time": 1693158985769, "isBuyerMaker": true, "isBestMatch": true}, {"id": 32697228, "price": "0.95440000", "qty": "232.30000000", "quoteQty": "221.70712000", "time": 1693158985788, "isBuyerMaker": true, "isBestMatch": true}, {"id": 32697229, "price": "0.95440000", "qty": "21.80000000", "quoteQty": "20.80592000", "time": 1693158985788, "isBuyerMaker": true, "isBestMatch": true}, {"id": 32697230, "price": "0.95430000", "qty": "59.40000000", "quoteQty": "56.68542000", "time": 1693158985788, "isBuyerMaker": true, "isBestMatch": true}, {"id": 32697231, "price": "0.95430000", "qty": "80.10000000", "quoteQty": "76.43943000", "time": 1693158985788, "isBuyerMaker": true, "isBestMatch": true}, {"id": 32697232, "price": "0.95430000", "qty": "265.30000000", "quoteQty": "253.17579000", "time": 1693158985836, "isBuyerMaker": true, "isBestMatch": true}, {"id": 32697233, "price": "0.95430000", "qty": "20.90000000", "quoteQty": "19.94487000", "time": 1693158987040, "isBuyerMaker": true, "isBestMatch": true}, {"id": 32697234, "price": "0.95430000", "qty": "379.10000000", "quoteQty": "361.77513000", "time": 1693158987040, "isBuyerMaker": true, "isBestMatch": true}, {"id": 32697235, "price": "0.95430000", "qty": "1185.90000000", "quoteQty": "1131.70437000", "time": 1693158987040, "isBuyerMaker": true, "isBestMatch": true}, {"id": 32697236, "price": "0.95430000", "qty": "414.10000000", "quoteQty": "395.17563000", "time": 1693158987040, "isBuyerMaker": true, "isBestMatch": true}, {"id": 32697237, "price": "0.95430000", "qty": "2368.20000000", "quoteQty": "2259.97326000", "time": 1693158987040, "isBuyerMaker": true, "isBestMatch": true}, {"id": 32697238, "price": "0.95420000", "qty": "12.80000000", "quoteQty": "12.21376000", "time": 1693158987040, "isBuyerMaker": true, "isBestMatch": true}, {"id": 32697239, "price": "0.95420000", "qty": "223.80000000", "quoteQty": "213.54996000", "time": 1693158987040, "isBuyerMaker": true, "isBestMatch": true}, {"id": 32697240, "price": "0.95420000", "qty": "247.10000000", "quoteQty": "235.78282000", "time": 1693158987040, "isBuyerMaker": true, "isBestMatch": true}, {"id": 32697241, "price": "0.95420000", "qty": "85.10000000", "quoteQty": "81.20242000", "time": 1693158987040, "isBuyerMaker": true, "isBestMatch": true}, {"id": 32697242, "price": "0.95420000", "qty": "1160.40000000", "quoteQty": "1107.25368000", "time": 1693158987041, "isBuyerMaker": true, "isBestMatch": true}, {"id": 32697243, "price": "0.95420000", "qty": "1160.70000000", "quoteQty": "1107.53994000", "time": 1693158987041, "isBuyerMaker": true, "isBestMatch": true}, {"id": 32697244, "price": "0.95420000", "qty": "1432.90000000", "quoteQty": "1367.27318000", "time": 1693158987041, "isBuyerMaker": true, "isBestMatch": true}, {"id": 32697245, "price": "0.95420000", "qty": "243.60000000", "quoteQty": "232.44312000", "time": 1693158987041, "isBuyerMaker": true, "isBestMatch": true}, {"id": 32697246, "price": "0.95420000", "qty": "247.10000000", "quoteQty": "235.78282000", "time": 1693158987041, "isBuyerMaker": true, "isBestMatch": true}, {"id": 32697247, "price": "0.95420000", "qty": "247.10000000", "quoteQty": "235.78282000", "time": 1693158987041, "isBuyerMaker": true, "isBestMatch": true}, {"id": 32697248, "price": "0.95420000", "qty": "247.10000000", "quoteQty": "235.78282000", "time": 1693158987041, "isBuyerMaker": true, "isBestMatch": true}, {"id": 32697249, "price": "0.95420000", "qty": "247.10000000", "quoteQty": "235.78282000", "time": 1693158987041, "isBuyerMaker": true, "isBestMatch": true}, {"id": 32697250, "price": "0.95420000", "qty": "247.10000000", "quoteQty": "235.78282000", "time": 1693158987041, "isBuyerMaker": true, "isBestMatch": true}, {"id": 32697251, "price": "0.95420000", "qty": "247.10000000", "quoteQty": "235.78282000", "time": 1693158987041, "isBuyerMaker": true, "isBestMatch": true}, {"id": 32697252, "price": "0.95420000", "qty": "152.00000000", "quoteQty": "145.03840000", "time": 1693158987041, "isBuyerMaker": true, "isBestMatch": true}, {"id": 32697253, "price": "0.95420000", "qty": "95.10000000", "quoteQty": "90.74442000", "time": 1693158987041, "isBuyerMaker": true, "isBestMatch": true}, {"id": 32697254, "price": "0.95420000", "qty": "247.10000000", "quoteQty": "235.78282000", "time": 1693158987041, "isBuyerMaker": true, "isBestMatch": true}, {"id": 32697255, "price": "0.95420000", "qty": "246.90000000", "quoteQty": "235.59198000", "time": 1693158987041, "isBuyerMaker": true, "isBestMatch": true}, {"id": 32697256, "price": "0.95410000", "qty": "1432.80000000", "quoteQty": "1367.03448000", "time": 1693158987041, "isBuyerMaker": true, "isBestMatch": true}, {"id": 32697257, "price": "0.95410000", "qty": "736.80000000", "quoteQty": "702.98088000", "time": 1693158987041, "isBuyerMaker": true, "isBestMatch": true}, {"id": 32697258, "price": "0.95410000", "qty": "21.80000000", "quoteQty": "20.79938000", "time": 1693158987044, "isBuyerMaker": true, "isBestMatch": true}, {"id": 32697259, "price": "0.95400000", "qty": "13.10000000", "quoteQty": "12.49740000", "time": 1693158987045, "isBuyerMaker": true, "isBestMatch": true}, {"id": 32697260, "price": "0.95400000", "qty": "13.60000000", "quoteQty": "12.97440000", "time": 1693158987045, "isBuyerMaker": true, "isBestMatch": true}, {"id": 32697261, "price": "0.95400000", "qty": "312.20000000", "quoteQty": "297.83880000", "time": 1693158987045, "isBuyerMaker": true, "isBestMatch": true}, {"id": 32697262, "price": "0.95400000", "qty": "524.20000000", "quoteQty": "500.08680000", "time": 1693158987045, "isBuyerMaker": true, "isBestMatch": true}, {"id": 32697263, "price": "0.95390000", "qty": "239.80000000", "quoteQty": "228.74522000", "time": 1693158987123, "isBuyerMaker": true, "isBestMatch": true}, {"id": 32697264, "price": "0.95390000", "qty": "318.20000000", "quoteQty": "303.53098000", "time": 1693158987145, "isBuyerMaker": true, "isBestMatch": true}, {"id": 32697265, "price": "0.95400000", "qty": "18.40000000", "quoteQty": "17.55360000", "time": 1693158987192, "isBuyerMaker": false, "isBestMatch": true}, {"id": 32697266, "price": "0.95390000", "qty": "317.00000000", "quoteQty": "302.38630000", "time": 1693158987211, "isBuyerMaker": true, "isBestMatch": true}, {"id": 32697267, "price": "0.95400000", "qty": "62.10000000", "quoteQty": "59.24340000", "time": 1693158988194, "isBuyerMaker": false, "isBestMatch": true}, {"id": 32697268, "price": "0.95400000", "qty": "88.20000000", "quoteQty": "84.14280000", "time": 1693158991323, "isBuyerMaker": false, "isBestMatch": true}, {"id": 32697269, "price": "0.95400000", "qty": "168.80000000", "quoteQty": "161.03520000", "time": 1693158991323, "isBuyerMaker": false, "isBestMatch": true}, {"id": 32697270, "price": "0.95400000", "qty": "103.90000000", "quoteQty": "99.12060000", "time": 1693158991323, "isBuyerMaker": false, "isBestMatch": true}, {"id": 32697271, "price": "0.95400000", "qty": "1072.00000000", "quoteQty": "1022.68800000", "time": 1693158991323, "isBuyerMaker": false, "isBestMatch": true}, {"id": 32697272, "price": "0.95400000", "qty": "198.20000000", "quoteQty": "189.08280000", "time": 1693158991323, "isBuyerMaker": false, "isBestMatch": true}, {"id": 32697273, "price": "0.95400000", "qty": "1147.70000000", "quoteQty": "1094.90580000", "time": 1693158991323, "isBuyerMaker": false, "isBestMatch": true}, {"id": 32697274, "price": "0.95400000", "qty": "249.30000000", "quoteQty": "237.83220000", "time": 1693158991323, "isBuyerMaker": false, "isBestMatch": true}, {"id": 32697275, "price": "0.95400000", "qty": "50.90000000", "quoteQty": "48.55860000", "time": 1693158991323, "isBuyerMaker": false, "isBestMatch": true}, {"id": 32697276, "price": "0.95410000", "qty": "347.40000000", "quoteQty": "331.45434000", "time": 1693158992132, "isBuyerMaker": true, "isBestMatch": true}, {"id": 32697277, "price": "0.95410000", "qty": "308.80000000", "quoteQty": "294.62608000", "time": 1693158992149, "isBuyerMaker": true, "isBestMatch": true}, {"id": 32697278, "price": "0.95410000", "qty": "714.70000000", "quoteQty": "681.89527000", "time": 1693158996107, "isBuyerMaker": true, "isBestMatch": true}, {"id": 32697279, "price": "0.95410000", "qty": "1558.10000000", "quoteQty": "1486.58321000", "time": 1693158996107, "isBuyerMaker": true, "isBestMatch": true}, {"id": 32697280, "price": "0.95410000", "qty": "354.10000000", "quoteQty": "337.84681000", "time": 1693158996107, "isBuyerMaker": true, "isBestMatch": true}, {"id": 32697281, "price": "0.95400000", "qty": "962.50000000", "quoteQty": "918.22500000", "time": 1693158997966, "isBuyerMaker": false, "isBestMatch": true}, {"id": 32697282, "price": "0.95400000", "qty": "32.70000000", "quoteQty": "31.19580000", "time": 1693158997966, "isBuyerMaker": false, "isBestMatch": true}, {"id": 32697283, "price": "0.95410000", "qty": "59.10000000", "quoteQty": "56.38731000", "time": 1693158999938, "isBuyerMaker": false, "isBestMatch": true}, {"id": 32697284, "price": "0.95400000", "qty": "788.00000000", "quoteQty": "751.75200000", "time": 1693159000378, "isBuyerMaker": true, "isBestMatch": true}, {"id": 32697285, "price": "0.95400000", "qty": "25.20000000", "quoteQty": "24.04080000", "time": 1693159001486, "isBuyerMaker": false, "isBestMatch": true}, {"id": 32697286, "price": "0.95390000", "qty": "788.00000000", "quoteQty": "751.67320000", "time": 1693159002977, "isBuyerMaker": true, "isBestMatch": true}, {"id": 32697287, "price": "0.95390000", "qty": "788.00000000", "quoteQty": "751.67320000", "time": 1693159002979, "isBuyerMaker": true, "isBestMatch": true}, {"id": 32697288, "price": "0.95400000", "qty": "1072.00000000", "quoteQty": "1022.68800000", "time": 1693159003307, "isBuyerMaker": false, "isBestMatch": true}, {"id": 32697289, "price": "0.95400000", "qty": "1283.30000000", "quoteQty": "1224.26820000", "time": 1693159003307, "isBuyerMaker": false, "isBestMatch": true}, {"id": 32697290, "price": "0.95400000", "qty": "654.70000000", "quoteQty": "624.58380000", "time": 1693159003307, "isBuyerMaker": false, "isBestMatch": true}, {"id": 32697291, "price": "0.95410000", "qty": "1012.90000000", "quoteQty": "966.40789000", "time": 1693159003307, "isBuyerMaker": false, "isBestMatch": true}, {"id": 32697292, "price": "0.95410000", "qty": "250.00000000", "quoteQty": "238.52500000", "time": 1693159003307, "isBuyerMaker": false, "isBestMatch": true}, {"id": 32697293, "price": "0.95410000", "qty": "714.70000000", "quoteQty": "681.89527000", "time": 1693159003307, "isBuyerMaker": false, "isBestMatch": true}, {"id": 32697294, "price": "0.95410000", "qty": "986.50000000", "quoteQty": "941.21965000", "time": 1693159003307, "isBuyerMaker": false, "isBestMatch": true}, {"id": 32697295, "price": "0.95410000", "qty": "1487.70000000", "quoteQty": "1419.41457000", "time": 1693159003309, "isBuyerMaker": false, "isBestMatch": true}, {"id": 32697296, "price": "0.95410000", "qty": "234.40000000", "quoteQty": "223.64104000", "time": 1693159003317, "isBuyerMaker": true, "isBestMatch": true}, {"id": 32697297, "price": "0.95420000", "qty": "52.40000000", "quoteQty": "50.00008000", "time": 1693159003479, "isBuyerMaker": false, "isBestMatch": true}, {"id": 32697298, "price": "0.95410000", "qty": "312.60000000", "quoteQty": "298.25166000", "time": 1693159004244, "isBuyerMaker": true, "isBestMatch": true}, {"id": 32697299, "price": "0.95410000", "qty": "216.30000000", "quoteQty": "206.37183000", "time": 1693159004244, "isBuyerMaker": true, "isBestMatch": true}, {"id": 32697300, "price": "0.95420000", "qty": "197.60000000", "quoteQty": "188.54992000", "time": 1693159005510, "isBuyerMaker": false, "isBestMatch": true}, {"id": 32697301, "price": "0.95420000", "qty": "1018.00000000", "quoteQty": "971.37560000", "time": 1693159005510, "isBuyerMaker": false, "isBestMatch": true}, {"id": 32697302, "price": "0.95420000", "qty": "168.30000000", "quoteQty": "160.59186000", "time": 1693159005510, "isBuyerMaker": false, "isBestMatch": true}, {"id": 32697303, "price": "0.95420000", "qty": "16.00000000", "quoteQty": "15.26720000", "time": 1693159007027, "isBuyerMaker": false, "isBestMatch": true}, {"id": 32697304, "price": "0.95420000", "qty": "314.30000000", "quoteQty": "299.90506000", "time": 1693159008432, "isBuyerMaker": false, "isBestMatch": true}, {"id": 32697305, "price": "0.95420000", "qty": "31.20000000", "quoteQty": "29.77104000", "time": 1693159017731, "isBuyerMaker": false, "isBestMatch": true}, {"id": 32697306, "price": "0.95400000", "qty": "11.40000000", "quoteQty": "10.87560000", "time": 1693159024408, "isBuyerMaker": false, "isBestMatch": true}, {"id": 32697307, "price": "0.95400000", "qty": "42.00000000", "quoteQty": "40.06800000", "time": 1693159029554, "isBuyerMaker": false, "isBestMatch": true}, {"id": 32697308, "price": "0.95390000", "qty": "51.90000000", "quoteQty": "49.50741000", "time": 1693159029861, "isBuyerMaker": true, "isBestMatch": true}, {"id": 32697309, "price": "0.95400000", "qty": "13.00000000", "quoteQty": "12.40200000", "time": 1693159029962, "isBuyerMaker": false, "isBestMatch": true}, {"id": 32697310, "price": "0.95390000", "qty": "541.60000000", "quoteQty": "516.63224000", "time": 1693159032064, "isBuyerMaker": true, "isBestMatch": true}, {"id": 32697311, "price": "0.95390000", "qty": "839.60000000", "quoteQty": "800.89444000", "time": 1693159032170, "isBuyerMaker": true, "isBestMatch": true}, {"id": 32697312, "price": "0.95390000", "qty": "26.10000000", "quoteQty": "24.89679000", "time": 1693159032170, "isBuyerMaker": true, "isBestMatch": true}, {"id": 32697313, "price": "0.95390000", "qty": "12.70000000", "quoteQty": "12.11453000", "time": 1693159032170, "isBuyerMaker": true, "isBestMatch": true}, {"id": 32697314, "price": "0.95390000", "qty": "247.20000000", "quoteQty": "235.80408000", "time": 1693159032170, "isBuyerMaker": true, "isBestMatch": true}, {"id": 32697315, "price": "0.95390000", "qty": "247.20000000", "quoteQty": "235.80408000", "time": 1693159032175, "isBuyerMaker": true, "isBestMatch": true}, {"id": 32697316, "price": "0.95390000", "qty": "247.20000000", "quoteQty": "235.80408000", "time": 1693159032175, "isBuyerMaker": true, "isBestMatch": true}, {"id": 32697317, "price": "0.95390000", "qty": "111.60000000", "quoteQty": "106.45524000", "time": 1693159032175, "isBuyerMaker": true, "isBestMatch": true}, {"id": 32697318, "price": "0.95390000", "qty": "135.60000000", "quoteQty": "129.34884000", "time": 1693159032175, "isBuyerMaker": true, "isBestMatch": true}, {"id": 32697319, "price": "0.95390000", "qty": "247.20000000", "quoteQty": "235.80408000", "time": 1693159032175, "isBuyerMaker": true, "isBestMatch": true}, {"id": 32697320, "price": "0.95390000", "qty": "136.80000000", "quoteQty": "130.49352000", "time": 1693159032175, "isBuyerMaker": true, "isBestMatch": true}, {"id": 32697321, "price": "0.95390000", "qty": "110.40000000", "quoteQty": "105.31056000", "time": 1693159032184, "isBuyerMaker": true, "isBestMatch": true}, {"id": 32697322, "price": "0.95390000", "qty": "247.20000000", "quoteQty": "235.80408000", "time": 1693159032184, "isBuyerMaker": true, "isBestMatch": true}, {"id": 32697323, "price": "0.95390000", "qty": "73.90000000", "quoteQty": "70.49321000", "time": 1693159032184, "isBuyerMaker": true, "isBestMatch": true}, {"id": 32697324, "price": "0.95390000", "qty": "173.30000000", "quoteQty": "165.31087000", "time": 1693159032443, "isBuyerMaker": true, "isBestMatch": true}, {"id": 32697325, "price": "0.95390000", "qty": "247.20000000", "quoteQty": "235.80408000", "time": 1693159032742, "isBuyerMaker": true, "isBestMatch": true}, {"id": 32697326, "price": "0.95390000", "qty": "246.70000000", "quoteQty": "235.32713000", "time": 1693159032913, "isBuyerMaker": true, "isBestMatch": true}, {"id": 32697327, "price": "0.95380000", "qty": "349.40000000", "quoteQty": "333.25772000", "time": 1693159033050, "isBuyerMaker": true, "isBestMatch": true}, {"id": 32697328, "price": "0.95380000", "qty": "21.80000000", "quoteQty": "20.79284000", "time": 1693159033050, "isBuyerMaker": true, "isBestMatch": true}, {"id": 32697329, "price": "0.95370000", "qty": "18.60000000", "quoteQty": "17.73882000", "time": 1693159033058, "isBuyerMaker": true, "isBestMatch": true}, {"id": 32697330, "price": "0.95370000", "qty": "381.40000000", "quoteQty": "363.74118000", "time": 1693159033058, "isBuyerMaker": true, "isBestMatch": true}, {"id": 32697331, "price": "0.95360000", "qty": "39.10000000", "quoteQty": "37.28576000", "time": 1693159033062, "isBuyerMaker": true, "isBestMatch": true}, {"id": 32697332, "price": "0.95360000", "qty": "44.20000000", "quoteQty": "42.14912000", "time": 1693159033062, "isBuyerMaker": true, "isBestMatch": true}, {"id": 32697333, "price": "0.95360000", "qty": "33.00000000", "quoteQty": "31.46880000", "time": 1693159033062, "isBuyerMaker": true, "isBestMatch": true}, {"id": 32697334, "price": "0.95360000", "qty": "725.00000000", "quoteQty": "691.36000000", "time": 1693159033062, "isBuyerMaker": true, "isBestMatch": true}, {"id": 32697335, "price": "0.95360000", "qty": "1114.00000000", "quoteQty": "1062.31040000", "time": 1693159033062, "isBuyerMaker": true, "isBestMatch": true}, {"id": 32697336, "price": "0.95350000", "qty": "16.00000000", "quoteQty": "15.25600000", "time": 1693159033072, "isBuyerMaker": true, "isBestMatch": true}, {"id": 32697337, "price": "0.95350000", "qty": "21.40000000", "quoteQty": "20.40490000", "time": 1693159033072, "isBuyerMaker": true, "isBestMatch": true}, {"id": 32697338, "price": "0.95350000", "qty": "250.00000000", "quoteQty": "238.37500000", "time": 1693159033072, "isBuyerMaker": true, "isBestMatch": true}, {"id": 32697339, "price": "0.95340000", "qty": "11.50000000", "quoteQty": "10.96410000", "time": 1693159033072, "isBuyerMaker": true, "isBestMatch": true}, {"id": 32697340, "price": "0.95340000", "qty": "23.50000000", "quoteQty": "22.40490000", "time": 1693159033072, "isBuyerMaker": true, "isBestMatch": true}, {"id": 32697341, "price": "0.95340000", "qty": "13.60000000", "quoteQty": "12.96624000", "time": 1693159033072, "isBuyerMaker": true, "isBestMatch": true}, {"id": 32697342, "price": "0.95340000", "qty": "469.80000000", "quoteQty": "447.90732000", "time": 1693159033072, "isBuyerMaker": true, "isBestMatch": true}, {"id": 32697343, "price": "0.95340000", "qty": "51.90000000", "quoteQty": "49.48146000", "time": 1693159033072, "isBuyerMaker": true, "isBestMatch": true}, {"id": 32697344, "price": "0.95340000", "qty": "278.30000000", "quoteQty": "265.33122000", "time": 1693159033072, "isBuyerMaker": true, "isBestMatch": true}, {"id": 32697345, "price": "0.95330000", "qty": "862.10000000", "quoteQty": "821.83993000", "time": 1693159033072, "isBuyerMaker": true, "isBestMatch": true}, {"id": 32697346, "price": "0.95360000", "qty": "557.60000000", "quoteQty": "531.72736000", "time": 1693159033072, "isBuyerMaker": false, "isBestMatch": true}, {"id": 32697347, "price": "0.95360000", "qty": "3434.00000000", "quoteQty": "3274.66240000", "time": 1693159033072, "isBuyerMaker": false, "isBestMatch": true}, {"id": 32697348, "price": "0.95360000", "qty": "358.40000000", "quoteQty": "341.77024000", "time": 1693159033072, "isBuyerMaker": false, "isBestMatch": true}, {"id": 32697349, "price": "0.95360000", "qty": "967.00000000", "quoteQty": "922.13120000", "time": 1693159033072, "isBuyerMaker": false, "isBestMatch": true}, {"id": 32697350, "price": "0.95360000", "qty": "930.80000000", "quoteQty": "887.61088000", "time": 1693159033073, "isBuyerMaker": true, "isBestMatch": true}, {"id": 32697351, "price": "0.95360000", "qty": "1236.20000000", "quoteQty": "1178.84032000", "time": 1693159033074, "isBuyerMaker": true, "isBestMatch": true}, {"id": 32697352, "price": "0.95360000", "qty": "721.10000000", "quoteQty": "687.64096000", "time": 1693159033074, "isBuyerMaker": true, "isBestMatch": true}, {"id": 32697353, "price": "0.95360000", "qty": "880.50000000", "quoteQty": "839.64480000", "time": 1693159033075, "isBuyerMaker": true, "isBestMatch": true}, {"id": 32697354, "price": "0.95360000", "qty": "930.80000000", "quoteQty": "887.61088000", "time": 1693159033075, "isBuyerMaker": true, "isBestMatch": true}, {"id": 32697355, "price": "0.95360000", "qty": "865.20000000", "quoteQty": "825.05472000", "time": 1693159033076, "isBuyerMaker": true, "isBestMatch": true}, {"id": 32697356, "price": "0.95360000", "qty": "930.80000000", "quoteQty": "887.61088000", "time": 1693159033077, "isBuyerMaker": true, "isBestMatch": true}, {"id": 32697357, "price": "0.95360000", "qty": "616.30000000", "quoteQty": "587.70368000", "time": 1693159033081, "isBuyerMaker": true, "isBestMatch": true}, {"id": 32697358, "price": "0.95360000", "qty": "865.20000000", "quoteQty": "825.05472000", "time": 1693159033086, "isBuyerMaker": true, "isBestMatch": true}, {"id": 32697359, "price": "0.95360000", "qty": "880.50000000", "quoteQty": "839.64480000", "time": 1693159033086, "isBuyerMaker": true, "isBestMatch": true}, {"id": 32697360, "price": "0.95360000", "qty": "930.80000000", "quoteQty": "887.61088000", "time": 1693159033090, "isBuyerMaker": true, "isBestMatch": true}, {"id": 32697361, "price": "0.95360000", "qty": "805.80000000", "quoteQty": "768.41088000", "time": 1693159033100, "isBuyerMaker": true, "isBestMatch": true}, {"id": 32697362, "price": "0.95360000", "qty": "34.60000000", "quoteQty": "32.99456000", "time": 1693159033108, "isBuyerMaker": true, "isBestMatch": true}, {"id": 32697363, "price": "0.95360000", "qty": "880.50000000", "quoteQty": "839.64480000", "time": 1693159033120, "isBuyerMaker": true, "isBestMatch": true}, {"id": 32697364, "price": "0.95360000", "qty": "1445.80000000", "quoteQty": "1378.71488000", "time": 1693159033131, "isBuyerMaker": true, "isBestMatch": true}, {"id": 32697365, "price": "0.95360000", "qty": "278.00000000", "quoteQty": "265.10080000", "time": 1693159033161, "isBuyerMaker": true, "isBestMatch": true}, {"id": 32697366, "price": "0.95360000", "qty": "522.00000000", "quoteQty": "497.77920000", "time": 1693159033183, "isBuyerMaker": true, "isBestMatch": true}, {"id": 32697367, "price": "0.95370000", "qty": "249.00000000", "quoteQty": "237.47130000", "time": 1693159033310, "isBuyerMaker": false, "isBestMatch": true}, {"id": 32697368, "price": "0.95400000", "qty": "801.30000000", "quoteQty": "764.44020000", "time": 1693159034040, "isBuyerMaker": true, "isBestMatch": true}, {"id": 32697369, "price": "0.95400000", "qty": "798.70000000", "quoteQty": "761.95980000", "time": 1693159034040, "isBuyerMaker": true, "isBestMatch": true}, {"id": 32697370, "price": "0.95400000", "qty": "322.30000000", "quoteQty": "307.47420000", "time": 1693159034041, "isBuyerMaker": true, "isBestMatch": true}, {"id": 32697371, "price": "0.95400000", "qty": "1001.10000000", "quoteQty": "955.04940000", "time": 1693159034041, "isBuyerMaker": true, "isBestMatch": true}, {"id": 32697372, "price": "0.95400000", "qty": "246.10000000", "quoteQty": "234.77940000", "time": 1693159034041, "isBuyerMaker": true, "isBestMatch": true}, {"id": 32697373, "price": "0.95400000", "qty": "274.20000000", "quoteQty": "261.58680000", "time": 1693159034041, "isBuyerMaker": true, "isBestMatch": true}, {"id": 32697374, "price": "0.95400000", "qty": "322.50000000", "quoteQty": "307.66500000", "time": 1693159034041, "isBuyerMaker": true, "isBestMatch": true}, {"id": 32697375, "price": "0.95400000", "qty": "233.80000000", "quoteQty": "223.04520000", "time": 1693159034041, "isBuyerMaker": true, "isBestMatch": true}, {"id": 32697376, "price": "0.95390000", "qty": "170.00000000", "quoteQty": "162.16300000", "time": 1693159035306, "isBuyerMaker": true, "isBestMatch": true}, {"id": 32697377, "price": "0.95390000", "qty": "544.70000000", "quoteQty": "519.58933000", "time": 1693159035384, "isBuyerMaker": true, "isBestMatch": true}, {"id": 32697378, "price": "0.95390000", "qty": "157.30000000", "quoteQty": "150.04847000", "time": 1693159035384, "isBuyerMaker": true, "isBestMatch": true}, {"id": 32697379, "price": "0.95400000", "qty": "654.70000000", "quoteQty": "624.58380000", "time": 1693159036692, "isBuyerMaker": false, "isBestMatch": true}, {"id": 32697380, "price": "0.95410000", "qty": "557.60000000", "quoteQty": "532.00616000", "time": 1693159036906, "isBuyerMaker": true, "isBestMatch": true}, {"id": 32697381, "price": "0.95410000", "qty": "242.40000000", "quoteQty": "231.27384000", "time": 1693159036906, "isBuyerMaker": true, "isBestMatch": true}, {"id": 32697382, "price": "0.95410000", "qty": "800.00000000", "quoteQty": "763.28000000", "time": 1693159036906, "isBuyerMaker": true, "isBestMatch": true}, {"id": 32697383, "price": "0.95400000", "qty": "476.30000000", "quoteQty": "454.39020000", "time": 1693159036910, "isBuyerMaker": true, "isBestMatch": true}, {"id": 32697384, "price": "0.95400000", "qty": "664.50000000", "quoteQty": "633.93300000", "time": 1693159036910, "isBuyerMaker": true, "isBestMatch": true}, {"id": 32697385, "price": "0.95400000", "qty": "456.50000000", "quoteQty": "435.50100000", "time": 1693159036911, "isBuyerMaker": true, "isBestMatch": true}, {"id": 32697386, "price": "0.95400000", "qty": "448.70000000", "quoteQty": "428.05980000", "time": 1693159036911, "isBuyerMaker": true, "isBestMatch": true}, {"id": 32697387, "price": "0.95400000", "qty": "445.30000000", "quoteQty": "424.81620000", "time": 1693159036911, "isBuyerMaker": true, "isBestMatch": true}, {"id": 32697388, "price": "0.95400000", "qty": "701.80000000", "quoteQty": "669.51720000", "time": 1693159036911, "isBuyerMaker": true, "isBestMatch": true}, {"id": 32697389, "price": "0.95390000", "qty": "439.00000000", "quoteQty": "418.76210000", "time": 1693159036911, "isBuyerMaker": true, "isBestMatch": true}, {"id": 32697390, "price": "0.95390000", "qty": "524.70000000", "quoteQty": "500.51133000", "time": 1693159036912, "isBuyerMaker": true, "isBestMatch": true}, {"id": 32697391, "price": "0.95390000", "qty": "17.00000000", "quoteQty": "16.21630000", "time": 1693159036912, "isBuyerMaker": true, "isBestMatch": true}, {"id": 32697392, "price": "0.95380000", "qty": "179.70000000", "quoteQty": "171.39786000", "time": 1693159036912, "isBuyerMaker": true, "isBestMatch": true}, {"id": 32697393, "price": "0.95380000", "qty": "941.30000000", "quoteQty": "897.81194000", "time": 1693159036912, "isBuyerMaker": true, "isBestMatch": true}, {"id": 32697394, "price": "0.95380000", "qty": "199.50000000", "quoteQty": "190.28310000", "time": 1693159036912, "isBuyerMaker": true, "isBestMatch": true}, {"id": 32697395, "price": "0.95410000", "qty": "310.30000000", "quoteQty": "296.05723000", "time": 1693159037926, "isBuyerMaker": false, "isBestMatch": true}, {"id": 32697396, "price": "0.95410000", "qty": "314.90000000", "quoteQty": "300.44609000", "time": 1693159039140, "isBuyerMaker": true, "isBestMatch": true}, {"id": 32697397, "price": "0.95380000", "qty": "615.00000000", "quoteQty": "586.58700000", "time": 1693159040902, "isBuyerMaker": true, "isBestMatch": true}, {"id": 32697398, "price": "0.95370000", "qty": "34.70000000", "quoteQty": "33.09339000", "time": 1693159042703, "isBuyerMaker": true, "isBestMatch": true}, {"id": 32697399, "price": "0.95390000", "qty": "250.00000000", "quoteQty": "238.47500000", "time": 1693159045421, "isBuyerMaker": true, "isBestMatch": true}, {"id": 32697400, "price": "0.95390000", "qty": "60.30000000", "quoteQty": "57.52017000", "time": 1693159045425, "isBuyerMaker": true, "isBestMatch": true}, {"id": 32697401, "price": "0.95380000", "qty": "20.00000000", "quoteQty": "19.07600000", "time": 1693159049052, "isBuyerMaker": true, "isBestMatch": true}, {"id": 32697402, "price": "0.95390000", "qty": "431.50000000", "quoteQty": "411.60785000", "time": 1693159050576, "isBuyerMaker": false, "isBestMatch": true}, {"id": 32697403, "price": "0.95390000", "qty": "498.00000000", "quoteQty": "475.04220000", "time": 1693159050576, "isBuyerMaker": false, "isBestMatch": true}, {"id": 32697404, "price": "0.95390000", "qty": "254.00000000", "quoteQty": "242.29060000", "time": 1693159050576, "isBuyerMaker": false, "isBestMatch": true}, {"id": 32697405, "price": "0.95390000", "qty": "25.90000000", "quoteQty": "24.70601000", "time": 1693159055555, "isBuyerMaker": true, "isBestMatch": true}, {"id": 32697406, "price": "0.95400000", "qty": "630.70000000", "quoteQty": "601.68780000", "time": 1693159071401, "isBuyerMaker": false, "isBestMatch": true}, {"id": 32697407, "price": "0.95410000", "qty": "15.00000000", "quoteQty": "14.31150000", "time": 1693159076098, "isBuyerMaker": false, "isBestMatch": true}, {"id": 32697408, "price": "0.95410000", "qty": "349.30000000", "quoteQty": "333.26713000", "time": 1693159076098, "isBuyerMaker": false, "isBestMatch": true}, {"id": 32697409, "price": "0.95410000", "qty": "0.10000000", "quoteQty": "0.09541000", "time": 1693159076103, "isBuyerMaker": false, "isBestMatch": true}, {"id": 32697410, "price": "0.95410000", "qty": "40.00000000", "quoteQty": "38.16400000", "time": 1693159076463, "isBuyerMaker": true, "isBestMatch": true}, {"id": 32697411, "price": "0.95420000", "qty": "1731.70000000", "quoteQty": "1652.38814000", "time": 1693159078225, "isBuyerMaker": false, "isBestMatch": true}, {"id": 32697412, "price": "0.95420000", "qty": "191.10000000", "quoteQty": "182.34762000", "time": 1693159078240, "isBuyerMaker": false, "isBestMatch": true}, {"id": 32697413, "price": "0.95420000", "qty": "8.60000000", "quoteQty": "8.20612000", "time": 1693159079341, "isBuyerMaker": false, "isBestMatch": true}, {"id": 32697414, "price": "0.95440000", "qty": "21.80000000", "quoteQty": "20.80592000", "time": 1693159079342, "isBuyerMaker": false, "isBestMatch": true}, {"id": 32697415, "price": "0.95440000", "qty": "1977.70000000", "quoteQty": "1887.51688000", "time": 1693159079342, "isBuyerMaker": false, "isBestMatch": true}, {"id": 32697416, "price": "0.95460000", "qty": "21.80000000", "quoteQty": "20.81028000", "time": 1693159083449, "isBuyerMaker": false, "isBestMatch": true}, {"id": 32697417, "price": "0.95470000", "qty": "72.00000000", "quoteQty": "68.73840000", "time": 1693159083497, "isBuyerMaker": true, "isBestMatch": true}, {"id": 32697418, "price": "0.95470000", "qty": "23.50000000", "quoteQty": "22.43545000", "time": 1693159083497, "isBuyerMaker": true, "isBestMatch": true}, {"id": 32697419, "price": "0.95480000", "qty": "191.10000000", "quoteQty": "182.46228000", "time": 1693159090157, "isBuyerMaker": true, "isBestMatch": true}, {"id": 32697420, "price": "0.95460000", "qty": "110.00000000", "quoteQty": "105.00600000", "time": 1693159090541, "isBuyerMaker": true, "isBestMatch": true}, {"id": 32697421, "price": "0.95460000", "qty": "290.00000000", "quoteQty": "276.83400000", "time": 1693159090541, "isBuyerMaker": true, "isBestMatch": true}, {"id": 32697422, "price": "0.95460000", "qty": "575.00000000", "quoteQty": "548.89500000", "time": 1693159090541, "isBuyerMaker": true, "isBestMatch": true}, {"id": 32697423, "price": "0.95460000", "qty": "242.30000000", "quoteQty": "231.29958000", "time": 1693159090541, "isBuyerMaker": true, "isBestMatch": true}, {"id": 32697424, "price": "0.95460000", "qty": "192.40000000", "quoteQty": "183.66504000", "time": 1693159090541, "isBuyerMaker": true, "isBestMatch": true}, {"id": 32697425, "price": "0.95450000", "qty": "911.00000000", "quoteQty": "869.54950000", "time": 1693159090541, "isBuyerMaker": true, "isBestMatch": true}, {"id": 32697426, "price": "0.95450000", "qty": "31.60000000", "quoteQty": "30.16220000", "time": 1693159090541, "isBuyerMaker": true, "isBestMatch": true}, {"id": 32697427, "price": "0.95450000", "qty": "218.40000000", "quoteQty": "208.46280000", "time": 1693159090543, "isBuyerMaker": true, "isBestMatch": true}, {"id": 32697428, "price": "0.95450000", "qty": "340.40000000", "quoteQty": "324.91180000", "time": 1693159090543, "isBuyerMaker": true, "isBestMatch": true}, {"id": 32697429, "price": "0.95450000", "qty": "104.80000000", "quoteQty": "100.03160000", "time": 1693159094496, "isBuyerMaker": false, "isBestMatch": true}, {"id": 32697430, "price": "0.95440000", "qty": "423.50000000", "quoteQty": "404.18840000", "time": 1693159095341, "isBuyerMaker": true, "isBestMatch": true}, {"id": 32697431, "price": "0.95450000", "qty": "24.90000000", "quoteQty": "23.76705000", "time": 1693159097843, "isBuyerMaker": false, "isBestMatch": true}, {"id": 32697432, "price": "0.95450000", "qty": "25.00000000", "quoteQty": "23.86250000", "time": 1693159098481, "isBuyerMaker": false, "isBestMatch": true}, {"id": 32697433, "price": "0.95440000", "qty": "37.50000000", "quoteQty": "35.79000000", "time": 1693159099431, "isBuyerMaker": true, "isBestMatch": true}, {"id": 32697434, "price": "0.95450000", "qty": "244.80000000", "quoteQty": "233.66160000", "time": 1693159119343, "isBuyerMaker": true, "isBestMatch": true}, {"id": 32697435, "price": "0.95450000", "qty": "4.20000000", "quoteQty": "4.00890000", "time": 1693159119343, "isBuyerMaker": true, "isBestMatch": true}, {"id": 32697436, "price": "0.95450000", "qty": "75.30000000", "quoteQty": "71.87385000", "time": 1693159119346, "isBuyerMaker": true, "isBestMatch": true}, {"id": 32697437, "price": "0.95450000", "qty": "174.70000000", "quoteQty": "166.75115000", "time": 1693159119346, "isBuyerMaker": true, "isBestMatch": true}, {"id": 32697438, "price": "0.95440000", "qty": "191.10000000", "quoteQty": "182.38584000", "time": 1693159119404, "isBuyerMaker": true, "isBestMatch": true}, {"id": 32697439, "price": "0.95440000", "qty": "340.10000000", "quoteQty": "324.59144000", "time": 1693159119442, "isBuyerMaker": true, "isBestMatch": true}, {"id": 32697440, "price": "0.95440000", "qty": "288.60000000", "quoteQty": "275.43984000", "time": 1693159119442, "isBuyerMaker": true, "isBestMatch": true}, {"id": 32697441, "price": "0.95430000", "qty": "745.50000000", "quoteQty": "711.43065000", "time": 1693159126403, "isBuyerMaker": true, "isBestMatch": true}, {"id": 32697442, "price": "0.95430000", "qty": "945.40000000", "quoteQty": "902.19522000", "time": 1693159131370, "isBuyerMaker": false, "isBestMatch": true}, {"id": 32697443, "price": "0.95430000", "qty": "1248.60000000", "quoteQty": "1191.53898000", "time": 1693159131370, "isBuyerMaker": false, "isBestMatch": true}, {"id": 32697444, "price": "0.95430000", "qty": "781.00000000", "quoteQty": "745.30830000", "time": 1693159131370, "isBuyerMaker": false, "isBestMatch": true}, {"id": 32697445, "price": "0.95430000", "qty": "273.00000000", "quoteQty": "260.52390000", "time": 1693159131370, "isBuyerMaker": false, "isBestMatch": true}, {"id": 32697446, "price": "0.95430000", "qty": "250.00000000", "quoteQty": "238.57500000", "time": 1693159131370, "isBuyerMaker": false, "isBestMatch": true}, {"id": 32697447, "price": "0.95440000", "qty": "249.00000000", "quoteQty": "237.64560000", "time": 1693159135836, "isBuyerMaker": false, "isBestMatch": true}, {"id": 32697448, "price": "0.95440000", "qty": "167.90000000", "quoteQty": "160.24376000", "time": 1693159137817, "isBuyerMaker": false, "isBestMatch": true}, {"id": 32697449, "price": "0.95440000", "qty": "108.60000000", "quoteQty": "103.64784000", "time": 1693159137817, "isBuyerMaker": false, "isBestMatch": true}, {"id": 32697450, "price": "0.95460000", "qty": "1059.60000000", "quoteQty": "1011.49416000", "time": 1693159149146, "isBuyerMaker": false, "isBestMatch": true}, {"id": 32697451, "price": "0.95460000", "qty": "781.00000000", "quoteQty": "745.54260000", "time": 1693159149146, "isBuyerMaker": false, "isBestMatch": true}, {"id": 32697452, "price": "0.95460000", "qty": "250.00000000", "quoteQty": "238.65000000", "time": 1693159149146, "isBuyerMaker": false, "isBestMatch": true}, {"id": 32697453, "price": "0.95460000", "qty": "753.90000000", "quoteQty": "719.67294000", "time": 1693159149146, "isBuyerMaker": false, "isBestMatch": true}, {"id": 32697454, "price": "0.95460000", "qty": "210.40000000", "quoteQty": "200.84784000", "time": 1693159149146, "isBuyerMaker": false, "isBestMatch": true}, {"id": 32697455, "price": "0.95470000", "qty": "865.00000000", "quoteQty": "825.81550000", "time": 1693159149146, "isBuyerMaker": false, "isBestMatch": true}, {"id": 32697456, "price": "0.95470000", "qty": "1943.70000000", "quoteQty": "1855.65039000", "time": 1693159149146, "isBuyerMaker": false, "isBestMatch": true}, {"id": 32697457, "price": "0.95470000", "qty": "1131.00000000", "quoteQty": "1079.76570000", "time": 1693159149146, "isBuyerMaker": false, "isBestMatch": true}, {"id": 32697458, "price": "0.95470000", "qty": "1214.40000000", "quoteQty": "1159.38768000", "time": 1693159149146, "isBuyerMaker": false, "isBestMatch": true}, {"id": 32697459, "price": "0.95480000", "qty": "865.00000000", "quoteQty": "825.90200000", "time": 1693159149146, "isBuyerMaker": false, "isBestMatch": true}, {"id": 32697460, "price": "0.95480000", "qty": "1600.00000000", "quoteQty": "1527.68000000", "time": 1693159149146, "isBuyerMaker": false, "isBestMatch": true}, {"id": 32697461, "price": "0.95490000", "qty": "456.20000000", "quoteQty": "435.62538000", "time": 1693159149149, "isBuyerMaker": false, "isBestMatch": true}, {"id": 32697462, "price": "0.95490000", "qty": "67.60000000", "quoteQty": "64.55124000", "time": 1693159149149, "isBuyerMaker": false, "isBestMatch": true}, {"id": 32697463, "price": "0.95490000", "qty": "382.30000000", "quoteQty": "365.05827000", "time": 1693159149149, "isBuyerMaker": false, "isBestMatch": true}, {"id": 32697464, "price": "0.95490000", "qty": "1093.00000000", "quoteQty": "1043.70570000", "time": 1693159149149, "isBuyerMaker": false, "isBestMatch": true}, {"id": 32697465, "price": "0.95490000", "qty": "865.00000000", "quoteQty": "825.98850000", "time": 1693159149150, "isBuyerMaker": false, "isBestMatch": true}, {"id": 32697466, "price": "0.95490000", "qty": "859.70000000", "quoteQty": "820.92753000", "time": 1693159149151, "isBuyerMaker": false, "isBestMatch": true}, {"id": 32697467, "price": "0.95480000", "qty": "191.10000000", "quoteQty": "182.46228000", "time": 1693159149152, "isBuyerMaker": true, "isBestMatch": true}, {"id": 32697468, "price": "0.95480000", "qty": "55.60000000", "quoteQty": "53.08688000", "time": 1693159149152, "isBuyerMaker": true, "isBestMatch": true}, {"id": 32697469, "price": "0.95490000", "qty": "688.60000000", "quoteQty": "657.54414000", "time": 1693159149154, "isBuyerMaker": false, "isBestMatch": true}, {"id": 32697470, "price": "0.95490000", "qty": "26.10000000", "quoteQty": "24.92289000", "time": 1693159149156, "isBuyerMaker": false, "isBestMatch": true}, {"id": 32697471, "price": "0.95490000", "qty": "130.70000000", "quoteQty": "124.80543000", "time": 1693159149156, "isBuyerMaker": false, "isBestMatch": true}, {"id": 32697472, "price": "0.95490000", "qty": "155.50000000", "quoteQty": "148.48695000", "time": 1693159149348, "isBuyerMaker": false, "isBestMatch": true}, {"id": 32697473, "price": "0.95490000", "qty": "299.90000000", "quoteQty": "286.37451000", "time": 1693159149408, "isBuyerMaker": false, "isBestMatch": true}, {"id": 32697474, "price": "0.95480000", "qty": "172.60000000", "quoteQty": "164.79848000", "time": 1693159155477, "isBuyerMaker": true, "isBestMatch": true}, {"id": 32697475, "price": "0.95490000", "qty": "52.30000000", "quoteQty": "49.94127000", "time": 1693159166397, "isBuyerMaker": false, "isBestMatch": true}, {"id": 32697476, "price": "0.95490000", "qty": "104.70000000", "quoteQty": "99.97803000", "time": 1693159174173, "isBuyerMaker": false, "isBestMatch": true}, {"id": 32697477, "price": "0.95490000", "qty": "132.40000000", "quoteQty": "126.42876000", "time": 1693159182540, "isBuyerMaker": false, "isBestMatch": true}, {"id": 32697478, "price": "0.95490000", "qty": "16.20000000", "quoteQty": "15.46938000", "time": 1693159201104, "isBuyerMaker": true, "isBestMatch": true}, {"id": 32697479, "price": "0.95470000", "qty": "22.00000000", "quoteQty": "21.00340000", "time": 1693159201238, "isBuyerMaker": true, "isBestMatch": true}, {"id": 32697480, "price": "0.95460000", "qty": "340.70000000", "quoteQty": "325.23222000", "time": 1693159201238, "isBuyerMaker": true, "isBestMatch": true}, {"id": 32697481, "price": "0.95460000", "qty": "341.00000000", "quoteQty": "325.51860000", "time": 1693159201238, "isBuyerMaker": true, "isBestMatch": true}, {"id": 32697482, "price": "0.95460000", "qty": "820.00000000", "quoteQty": "782.77200000", "time": 1693159201238, "isBuyerMaker": true, "isBestMatch": true}, {"id": 32697483, "price": "0.95460000", "qty": "1983.20000000", "quoteQty": "1893.16272000", "time": 1693159201238, "isBuyerMaker": true, "isBestMatch": true}, {"id": 32697484, "price": "0.95460000", "qty": "679.50000000", "quoteQty": "648.65070000", "time": 1693159201238, "isBuyerMaker": true, "isBestMatch": true}, {"id": 32697485, "price": "0.95450000", "qty": "340.80000000", "quoteQty": "325.29360000", "time": 1693159201238, "isBuyerMaker": true, "isBestMatch": true}, {"id": 32697486, "price": "0.95450000", "qty": "781.00000000", "quoteQty": "745.46450000", "time": 1693159201238, "isBuyerMaker": true, "isBestMatch": true}, {"id": 32697487, "price": "0.95450000", "qty": "467.80000000", "quoteQty": "446.51510000", "time": 1693159201238, "isBuyerMaker": true, "isBestMatch": true}, {"id": 32697488, "price": "0.95450000", "qty": "3213.20000000", "quoteQty": "3066.99940000", "time": 1693159201238, "isBuyerMaker": true, "isBestMatch": true}, {"id": 32697489, "price": "0.95450000", "qty": "317.30000000", "quoteQty": "302.86285000", "time": 1693159201238, "isBuyerMaker": true, "isBestMatch": true}, {"id": 32697490, "price": "0.95450000", "qty": "552.40000000", "quoteQty": "527.26580000", "time": 1693159201238, "isBuyerMaker": true, "isBestMatch": true}, {"id": 32697491, "price": "0.95450000", "qty": "1600.00000000", "quoteQty": "1527.20000000", "time": 1693159201238, "isBuyerMaker": true, "isBestMatch": true}, {"id": 32697492, "price": "0.95450000", "qty": "994.80000000", "quoteQty": "949.53660000", "time": 1693159201238, "isBuyerMaker": true, "isBestMatch": true}, {"id": 32697493, "price": "0.95440000", "qty": "340.50000000", "quoteQty": "324.97320000", "time": 1693159201238, "isBuyerMaker": true, "isBestMatch": true}, {"id": 32697494, "price": "0.95440000", "qty": "781.00000000", "quoteQty": "745.38640000", "time": 1693159201238, "isBuyerMaker": true, "isBestMatch": true}, {"id": 32697495, "price": "0.95440000", "qty": "250.00000000", "quoteQty": "238.60000000", "time": 1693159201238, "isBuyerMaker": true, "isBestMatch": true}, {"id": 32697496, "price": "0.95440000", "qty": "622.10000000", "quoteQty": "593.73224000", "time": 1693159201238, "isBuyerMaker": true, "isBestMatch": true}, {"id": 32697497, "price": "0.95440000", "qty": "1190.90000000", "quoteQty": "1136.59496000", "time": 1693159201238, "isBuyerMaker": true, "isBestMatch": true}, {"id": 32697498, "price": "0.95450000", "qty": "739.00000000", "quoteQty": "705.37550000", "time": 1693159201614, "isBuyerMaker": false, "isBestMatch": true}, {"id": 32697499, "price": "0.95450000", "qty": "250.00000000", "quoteQty": "238.62500000", "time": 1693159201614, "isBuyerMaker": false, "isBestMatch": true}, {"id": 32697500, "price": "0.95450000", "qty": "261.40000000", "quoteQty": "249.50630000", "time": 1693159201614, "isBuyerMaker": false, "isBestMatch": true}, {"id": 32697501, "price": "0.95450000", "qty": "370.00000000", "quoteQty": "353.16500000", "time": 1693159206036, "isBuyerMaker": true, "isBestMatch": true}, {"id": 32697502, "price": "0.95420000", "qty": "127.70000000", "quoteQty": "121.85134000", "time": 1693159216152, "isBuyerMaker": true, "isBestMatch": true}, {"id": 32697503, "price": "0.95380000", "qty": "50.00000000", "quoteQty": "47.69000000", "time": 1693159220566, "isBuyerMaker": true, "isBestMatch": true}, {"id": 32697504, "price": "0.95390000", "qty": "13.20000000", "quoteQty": "12.59148000", "time": 1693159223597, "isBuyerMaker": false, "isBestMatch": true}, {"id": 32697505, "price": "0.95400000", "qty": "127.00000000", "quoteQty": "121.15800000", "time": 1693159224276, "isBuyerMaker": false, "isBestMatch": true}, {"id": 32697506, "price": "0.95410000", "qty": "19.90000000", "quoteQty": "18.98659000", "time": 1693159224889, "isBuyerMaker": false, "isBestMatch": true}, {"id": 32697507, "price": "0.95400000", "qty": "304.50000000", "quoteQty": "290.49300000", "time": 1693159228340, "isBuyerMaker": true, "isBestMatch": true}, {"id": 32697508, "price": "0.95400000", "qty": "487.20000000", "quoteQty": "464.78880000", "time": 1693159228340, "isBuyerMaker": true, "isBestMatch": true}, {"id": 32697509, "price": "0.95400000", "qty": "1205.40000000", "quoteQty": "1149.95160000", "time": 1693159228340, "isBuyerMaker": true, "isBestMatch": true}, {"id": 32697510, "price": "0.95400000", "qty": "241.40000000", "quoteQty": "230.29560000", "time": 1693159228340, "isBuyerMaker": true, "isBestMatch": true}, {"id": 32697511, "price": "0.95400000", "qty": "2114.80000000", "quoteQty": "2017.51920000", "time": 1693159228340, "isBuyerMaker": true, "isBestMatch": true}, {"id": 32697512, "price": "0.95400000", "qty": "190.20000000", "quoteQty": "181.45080000", "time": 1693159228340, "isBuyerMaker": true, "isBestMatch": true}, {"id": 32697513, "price": "0.95390000", "qty": "702.00000000", "quoteQty": "669.63780000", "time": 1693159228340, "isBuyerMaker": true, "isBestMatch": true}, {"id": 32697514, "price": "0.95390000", "qty": "250.00000000", "quoteQty": "238.47500000", "time": 1693159228340, "isBuyerMaker": true, "isBestMatch": true}, {"id": 32697515, "price": "0.95390000", "qty": "1159.80000000", "quoteQty": "1106.33322000", "time": 1693159228340, "isBuyerMaker": true, "isBestMatch": true}, {"id": 32697516, "price": "0.95390000", "qty": "1573.30000000", "quoteQty": "1500.77087000", "time": 1693159228340, "isBuyerMaker": true, "isBestMatch": true}, {"id": 32697517, "price": "0.95380000", "qty": "250.00000000", "quoteQty": "238.45000000", "time": 1693159228340, "isBuyerMaker": true, "isBestMatch": true}, {"id": 32697518, "price": "0.95380000", "qty": "702.00000000", "quoteQty": "669.56760000", "time": 1693159228340, "isBuyerMaker": true, "isBestMatch": true}, {"id": 32697519, "price": "0.95370000", "qty": "197.60000000", "quoteQty": "188.45112000", "time": 1693159228340, "isBuyerMaker": true, "isBestMatch": true}, {"id": 32697520, "price": "0.95370000", "qty": "207.70000000", "quoteQty": "198.08349000", "time": 1693159228340, "isBuyerMaker": true, "isBestMatch": true}, {"id": 32697521, "price": "0.95370000", "qty": "21.80000000", "quoteQty": "20.79066000", "time": 1693159228340, "isBuyerMaker": true, "isBestMatch": true}, {"id": 32697522, "price": "0.95370000", "qty": "524.40000000", "quoteQty": "500.12028000", "time": 1693159228340, "isBuyerMaker": true, "isBestMatch": true}, {"id": 32697523, "price": "0.95360000", "qty": "648.50000000", "quoteQty": "618.40960000", "time": 1693159228340, "isBuyerMaker": true, "isBestMatch": true}, {"id": 32697524, "price": "0.95360000", "qty": "1600.00000000", "quoteQty": "1525.76000000", "time": 1693159228341, "isBuyerMaker": true, "isBestMatch": true}, {"id": 32697525, "price": "0.95370000", "qty": "557.20000000", "quoteQty": "531.40164000", "time": 1693159228942, "isBuyerMaker": false, "isBestMatch": true}, {"id": 32697526, "price": "0.95370000", "qty": "201.00000000", "quoteQty": "191.69370000", "time": 1693159228942, "isBuyerMaker": false, "isBestMatch": true}, {"id": 32697527, "price": "0.95370000", "qty": "501.00000000", "quoteQty": "477.80370000", "time": 1693159228944, "isBuyerMaker": false, "isBestMatch": true}, {"id": 32697528, "price": "0.95370000", "qty": "250.00000000", "quoteQty": "238.42500000", "time": 1693159228944, "isBuyerMaker": false, "isBestMatch": true}, {"id": 32697529, "price": "0.95370000", "qty": "257.90000000", "quoteQty": "245.95923000", "time": 1693159228944, "isBuyerMaker": false, "isBestMatch": true}, {"id": 32697530, "price": "0.95370000", "qty": "266.60000000", "quoteQty": "254.25642000", "time": 1693159228944, "isBuyerMaker": false, "isBestMatch": true}, {"id": 32697531, "price": "0.95380000", "qty": "16.60000000", "quoteQty": "15.83308000", "time": 1693159229328, "isBuyerMaker": false, "isBestMatch": true}, {"id": 32697532, "price": "0.95380000", "qty": "685.40000000", "quoteQty": "653.73452000", "time": 1693159231489, "isBuyerMaker": false, "isBestMatch": true}, {"id": 32697533, "price": "0.95380000", "qty": "250.00000000", "quoteQty": "238.45000000", "time": 1693159231489, "isBuyerMaker": false, "isBestMatch": true}, {"id": 32697534, "price": "0.95380000", "qty": "296.40000000", "quoteQty": "282.70632000", "time": 1693159231489, "isBuyerMaker": false, "isBestMatch": true}, {"id": 32697535, "price": "0.95380000", "qty": "1338.20000000", "quoteQty": "1276.37516000", "time": 1693159231489, "isBuyerMaker": false, "isBestMatch": true}, {"id": 32697536, "price": "0.95380000", "qty": "1325.90000000", "quoteQty": "1264.64342000", "time": 1693159231489, "isBuyerMaker": false, "isBestMatch": true}, {"id": 32697537, "price": "0.95380000", "qty": "741.00000000", "quoteQty": "706.76580000", "time": 1693159231495, "isBuyerMaker": true, "isBestMatch": true}, {"id": 32697538, "price": "0.95390000", "qty": "250.00000000", "quoteQty": "238.47500000", "time": 1693159231606, "isBuyerMaker": false, "isBestMatch": true}, {"id": 32697539, "price": "0.95390000", "qty": "181.50000000", "quoteQty": "173.13285000", "time": 1693159231606, "isBuyerMaker": false, "isBestMatch": true}, {"id": 32697540, "price": "0.95390000", "qty": "431.50000000", "quoteQty": "411.60785000", "time": 1693159232340, "isBuyerMaker": false, "isBestMatch": true}, {"id": 32697541, "price": "0.95410000", "qty": "702.00000000", "quoteQty": "669.77820000", "time": 1693159234517, "isBuyerMaker": false, "isBestMatch": true}, {"id": 32697542, "price": "0.95410000", "qty": "250.00000000", "quoteQty": "238.52500000", "time": 1693159234517, "isBuyerMaker": false, "isBestMatch": true}, {"id": 32697543, "price": "0.95410000", "qty": "258.50000000", "quoteQty": "246.63485000", "time": 1693159234517, "isBuyerMaker": false, "isBestMatch": true}, {"id": 32697544, "price": "0.95420000", "qty": "702.00000000", "quoteQty": "669.84840000", "time": 1693159234517, "isBuyerMaker": false, "isBestMatch": true}, {"id": 32697545, "price": "0.95420000", "qty": "493.20000000", "quoteQty": "470.61144000", "time": 1693159234517, "isBuyerMaker": false, "isBestMatch": true}, {"id": 32697546, "price": "0.95390000", "qty": "561.50000000", "quoteQty": "535.61485000", "time": 1693159237642, "isBuyerMaker": true, "isBestMatch": true}, {"id": 32697547, "price": "0.95390000", "qty": "153.20000000", "quoteQty": "146.13748000", "time": 1693159239981, "isBuyerMaker": true, "isBestMatch": true}, {"id": 32697548, "price": "0.95390000", "qty": "526.20000000", "quoteQty": "501.94218000", "time": 1693159239981, "isBuyerMaker": true, "isBestMatch": true}, {"id": 32697549, "price": "0.95400000", "qty": "431.50000000", "quoteQty": "411.65100000", "time": 1693159245036, "isBuyerMaker": true, "isBestMatch": true}, {"id": 32697550, "price": "0.95390000", "qty": "17.30000000", "quoteQty": "16.50247000", "time": 1693159245364, "isBuyerMaker": true, "isBestMatch": true}, {"id": 32697551, "price": "0.95400000", "qty": "36.60000000", "quoteQty": "34.91640000", "time": 1693159248527, "isBuyerMaker": false, "isBestMatch": true}, {"id": 32697552, "price": "0.95400000", "qty": "32.40000000", "quoteQty": "30.90960000", "time": 1693159250222, "isBuyerMaker": false, "isBestMatch": true}, {"id": 32697553, "price": "0.95400000", "qty": "45.90000000", "quoteQty": "43.78860000", "time": 1693159250259, "isBuyerMaker": false, "isBestMatch": true}, {"id": 32697554, "price": "0.95390000", "qty": "557.80000000", "quoteQty": "532.08542000", "time": 1693159253992, "isBuyerMaker": false, "isBestMatch": true}, {"id": 32697555, "price": "0.95390000", "qty": "490.40000000", "quoteQty": "467.79256000", "time": 1693159253992, "isBuyerMaker": false, "isBestMatch": true}, {"id": 32697556, "price": "0.95390000", "qty": "431.50000000", "quoteQty": "411.60785000", "time": 1693159253997, "isBuyerMaker": false, "isBestMatch": true}, {"id": 32697557, "price": "0.95400000", "qty": "1048.20000000", "quoteQty": "999.98280000", "time": 1693159258131, "isBuyerMaker": false, "isBestMatch": true}, {"id": 32697558, "price": "0.95380000", "qty": "2128.50000000", "quoteQty": "2030.16330000", "time": 1693159261000, "isBuyerMaker": true, "isBestMatch": true}, {"id": 32697559, "price": "0.95380000", "qty": "13.20000000", "quoteQty": "12.59016000", "time": 1693159261002, "isBuyerMaker": true, "isBestMatch": true}, {"id": 32697560, "price": "0.95380000", "qty": "464.70000000", "quoteQty": "443.23086000", "time": 1693159261003, "isBuyerMaker": true, "isBestMatch": true}, {"id": 32697561, "price": "0.95380000", "qty": "1425.40000000", "quoteQty": "1359.54652000", "time": 1693159261393, "isBuyerMaker": true, "isBestMatch": true}, {"id": 32697562, "price": "0.95380000", "qty": "512.70000000", "quoteQty": "489.01326000", "time": 1693159261393, "isBuyerMaker": true, "isBestMatch": true}, {"id": 32697563, "price": "0.95380000", "qty": "436.50000000", "quoteQty": "416.33370000", "time": 1693159261393, "isBuyerMaker": true, "isBestMatch": true}, {"id": 32697564, "price": "0.95380000", "qty": "503.20000000", "quoteQty": "479.95216000", "time": 1693159261394, "isBuyerMaker": true, "isBestMatch": true}, {"id": 32697565, "price": "0.95380000", "qty": "1160.50000000", "quoteQty": "1106.88490000", "time": 1693159261395, "isBuyerMaker": true, "isBestMatch": true}, {"id": 32697566, "price": "0.95380000", "qty": "4371.70000000", "quoteQty": "4169.72746000", "time": 1693159261396, "isBuyerMaker": true, "isBestMatch": true}, {"id": 32697567, "price": "0.95380000", "qty": "659.40000000", "quoteQty": "628.93572000", "time": 1693159261396, "isBuyerMaker": true, "isBestMatch": true}, {"id": 32697568, "price": "0.95380000", "qty": "356.60000000", "quoteQty": "340.12508000", "time": 1693159261396, "isBuyerMaker": true, "isBestMatch": true}, {"id": 32697569, "price": "0.95380000", "qty": "2088.50000000", "quoteQty": "1992.01130000", "time": 1693159261398, "isBuyerMaker": true, "isBestMatch": true}, {"id": 32697570, "price": "0.95380000", "qty": "1289.60000000", "quoteQty": "1230.02048000", "time": 1693159261399, "isBuyerMaker": true, "isBestMatch": true}, {"id": 32697571, "price": "0.95380000", "qty": "495.00000000", "quoteQty": "472.13100000", "time": 1693159261399, "isBuyerMaker": true, "isBestMatch": true}, {"id": 32697572, "price": "0.95380000", "qty": "380.00000000", "quoteQty": "362.44400000", "time": 1693159261399, "isBuyerMaker": true, "isBestMatch": true}, {"id": 32697573, "price": "0.95380000", "qty": "441.60000000", "quoteQty": "421.19808000", "time": 1693159261400, "isBuyerMaker": true, "isBestMatch": true}, {"id": 32697574, "price": "0.95380000", "qty": "647.10000000", "quoteQty": "617.20398000", "time": 1693159261402, "isBuyerMaker": true, "isBestMatch": true}, {"id": 32697575, "price": "0.95380000", "qty": "462.20000000", "quoteQty": "440.84636000", "time": 1693159261402, "isBuyerMaker": true, "isBestMatch": true}, {"id": 32697576, "price": "0.95380000", "qty": "1013.60000000", "quoteQty": "966.77168000", "time": 1693159261402, "isBuyerMaker": true, "isBestMatch": true}, {"id": 32697577, "price": "0.95380000", "qty": "642.80000000", "quoteQty": "613.10264000", "time": 1693159261402, "isBuyerMaker": true, "isBestMatch": true}, {"id": 32697578, "price": "0.95380000", "qty": "289.80000000", "quoteQty": "276.41124000", "time": 1693159261402, "isBuyerMaker": true, "isBestMatch": true}, {"id": 32697579, "price": "0.95380000", "qty": "381.40000000", "quoteQty": "363.77932000", "time": 1693159261402, "isBuyerMaker": true, "isBestMatch": true}, {"id": 32697580, "price": "0.95380000", "qty": "465.10000000", "quoteQty": "443.61238000", "time": 1693159261405, "isBuyerMaker": true, "isBestMatch": true}, {"id": 32697581, "price": "0.95380000", "qty": "1006.10000000", "quoteQty": "959.61818000", "time": 1693159261405, "isBuyerMaker": true, "isBestMatch": true}, {"id": 32697582, "price": "0.95380000", "qty": "480.80000000", "quoteQty": "458.58704000", "time": 1693159261405, "isBuyerMaker": true, "isBestMatch": true}, {"id": 32697583, "price": "0.95380000", "qty": "1503.30000000", "quoteQty": "1433.84754000", "time": 1693159261405, "isBuyerMaker": true, "isBestMatch": true}, {"id": 32697584, "price": "0.95380000", "qty": "674.00000000", "quoteQty": "642.86120000", "time": 1693159261405, "isBuyerMaker": true, "isBestMatch": true}, {"id": 32697585, "price": "0.95380000", "qty": "1661.20000000", "quoteQty": "1584.45256000", "time": 1693159261407, "isBuyerMaker": true, "isBestMatch": true}, {"id": 32697586, "price": "0.95380000", "qty": "752.90000000", "quoteQty": "718.11602000", "time": 1693159261414, "isBuyerMaker": true, "isBestMatch": true}, {"id": 32697587, "price": "0.95380000", "qty": "989.20000000", "quoteQty": "943.49896000", "time": 1693159261415, "isBuyerMaker": true, "isBestMatch": true}, {"id": 32697588, "price": "0.95380000", "qty": "2134.00000000", "quoteQty": "2035.40920000", "time": 1693159261417, "isBuyerMaker": true, "isBestMatch": true}, {"id": 32697589, "price": "0.95380000", "qty": "366.10000000", "quoteQty": "349.18618000", "time": 1693159261417, "isBuyerMaker": true, "isBestMatch": true}, {"id": 32697590, "price": "0.95380000", "qty": "5754.50000000", "quoteQty": "5488.64210000", "time": 1693159261418, "isBuyerMaker": true, "isBestMatch": true}, {"id": 32697591, "price": "0.95380000", "qty": "10866.60000000", "quoteQty": "10364.56308000", "time": 1693159261420, "isBuyerMaker": true, "isBestMatch": true}, {"id": 32697592, "price": "0.95350000", "qty": "472.70000000", "quoteQty": "450.71945000", "time": 1693159261448, "isBuyerMaker": true, "isBestMatch": true}, {"id": 32697593, "price": "0.95350000", "qty": "6.70000000", "quoteQty": "6.38845000", "time": 1693159261448, "isBuyerMaker": true, "isBestMatch": true}, {"id": 32697594, "price": "0.95350000", "qty": "524.10000000", "quoteQty": "499.72935000", "time": 1693159261449, "isBuyerMaker": true, "isBestMatch": true}, {"id": 32697595, "price": "0.95350000", "qty": "410.90000000", "quoteQty": "391.79315000", "time": 1693159261451, "isBuyerMaker": true, "isBestMatch": true}, {"id": 32697596, "price": "0.95350000", "qty": "106.60000000", "quoteQty": "101.64310000", "time": 1693159261453, "isBuyerMaker": true, "isBestMatch": true}, {"id": 32697597, "price": "0.95340000", "qty": "130.50000000", "quoteQty": "124.41870000", "time": 1693159261453, "isBuyerMaker": true, "isBestMatch": true}, {"id": 32697598, "price": "0.95340000", "qty": "81.80000000", "quoteQty": "77.98812000", "time": 1693159261453, "isBuyerMaker": true, "isBestMatch": true}, {"id": 32697599, "price": "0.95340000", "qty": "978.10000000", "quoteQty": "932.52054000", "time": 1693159261455, "isBuyerMaker": true, "isBestMatch": true}, {"id": 32697600, "price": "0.95340000", "qty": "301.20000000", "quoteQty": "287.16408000", "time": 1693159261457, "isBuyerMaker": true, "isBestMatch": true}, {"id": 32697601, "price": "0.95340000", "qty": "109.70000000", "quoteQty": "104.58798000", "time": 1693159261457, "isBuyerMaker": true, "isBestMatch": true}, {"id": 32697602, "price": "0.95340000", "qty": "137.60000000", "quoteQty": "131.18784000", "time": 1693159261459, "isBuyerMaker": true, "isBestMatch": true}, {"id": 32697603, "price": "0.95340000", "qty": "21.80000000", "quoteQty": "20.78412000", "time": 1693159261459, "isBuyerMaker": true, "isBestMatch": true}, {"id": 32697604, "price": "0.95340000", "qty": "247.30000000", "quoteQty": "235.77582000", "time": 1693159261459, "isBuyerMaker": true, "isBestMatch": true}, {"id": 32697605, "price": "0.95340000", "qty": "4.20000000", "quoteQty": "4.00428000", "time": 1693159261459, "isBuyerMaker": true, "isBestMatch": true}, {"id": 32697606, "price": "0.95340000", "qty": "243.10000000", "quoteQty": "231.77154000", "time": 1693159261460, "isBuyerMaker": true, "isBestMatch": true}, {"id": 32697607, "price": "0.95340000", "qty": "247.30000000", "quoteQty": "235.77582000", "time": 1693159261460, "isBuyerMaker": true, "isBestMatch": true}, {"id": 32697608, "price": "0.95340000", "qty": "247.30000000", "quoteQty": "235.77582000", "time": 1693159261460, "isBuyerMaker": true, "isBestMatch": true}, {"id": 32697609, "price": "0.95340000", "qty": "247.30000000", "quoteQty": "235.77582000", "time": 1693159261460, "isBuyerMaker": true, "isBestMatch": true}, {"id": 32697610, "price": "0.95340000", "qty": "247.30000000", "quoteQty": "235.77582000", "time": 1693159261460, "isBuyerMaker": true, "isBestMatch": true}, {"id": 32697611, "price": "0.95340000", "qty": "247.30000000", "quoteQty": "235.77582000", "time": 1693159261460, "isBuyerMaker": true, "isBestMatch": true}, {"id": 32697612, "price": "0.95340000", "qty": "6.50000000", "quoteQty": "6.19710000", "time": 1693159261460, "isBuyerMaker": true, "isBestMatch": true}, {"id": 32697613, "price": "0.95340000", "qty": "240.80000000", "quoteQty": "229.57872000", "time": 1693159261460, "isBuyerMaker": true, "isBestMatch": true}, {"id": 32697614, "price": "0.95340000", "qty": "246.50000000", "quoteQty": "235.01310000", "time": 1693159261460, "isBuyerMaker": true, "isBestMatch": true}, {"id": 32697615, "price": "0.95330000", "qty": "248.50000000", "quoteQty": "236.89505000", "time": 1693159261460, "isBuyerMaker": true, "isBestMatch": true}, {"id": 32697616, "price": "0.95350000", "qty": "250.00000000", "quoteQty": "238.37500000", "time": 1693159261465, "isBuyerMaker": true, "isBestMatch": true}, {"id": 32697617, "price": "0.95330000", "qty": "274.10000000", "quoteQty": "261.29953000", "time": 1693159261465, "isBuyerMaker": true, "isBestMatch": true}, {"id": 32697618, "price": "0.95330000", "qty": "410.90000000", "quoteQty": "391.71097000", "time": 1693159261484, "isBuyerMaker": true, "isBestMatch": true}, {"id": 32697619, "price": "0.95330000", "qty": "318.90000000", "quoteQty": "304.00737000", "time": 1693159261484, "isBuyerMaker": true, "isBestMatch": true}, {"id": 32697620, "price": "0.95330000", "qty": "318.90000000", "quoteQty": "304.00737000", "time": 1693159261491, "isBuyerMaker": true, "isBestMatch": true}, {"id": 32697621, "price": "0.95330000", "qty": "1600.00000000", "quoteQty": "1525.28000000", "time": 1693159261507, "isBuyerMaker": true, "isBestMatch": true}, {"id": 32697622, "price": "0.95330000", "qty": "318.90000000", "quoteQty": "304.00737000", "time": 1693159261512, "isBuyerMaker": true, "isBestMatch": true}, {"id": 32697623, "price": "0.95330000", "qty": "410.90000000", "quoteQty": "391.71097000", "time": 1693159261524, "isBuyerMaker": true, "isBestMatch": true}, {"id": 32697624, "price": "0.95330000", "qty": "26.50000000", "quoteQty": "25.26245000", "time": 1693159261536, "isBuyerMaker": true, "isBestMatch": true}, {"id": 32697625, "price": "0.95330000", "qty": "292.40000000", "quoteQty": "278.74492000", "time": 1693159261536, "isBuyerMaker": true, "isBestMatch": true}, {"id": 32697626, "price": "0.95330000", "qty": "1068.80000000", "quoteQty": "1018.88704000", "time": 1693159261674, "isBuyerMaker": true, "isBestMatch": true}, {"id": 32697627, "price": "0.95330000", "qty": "71.90000000", "quoteQty": "68.54227000", "time": 1693159261674, "isBuyerMaker": true, "isBestMatch": true}, {"id": 32697628, "price": "0.95330000", "qty": "931.00000000", "quoteQty": "887.52230000", "time": 1693159261675, "isBuyerMaker": true, "isBestMatch": true}, {"id": 32697629, "price": "0.95330000", "qty": "521.80000000", "quoteQty": "497.43194000", "time": 1693159261721, "isBuyerMaker": true, "isBestMatch": true}, {"id": 32697630, "price": "0.95340000", "qty": "801.30000000", "quoteQty": "763.95942000", "time": 1693159262265, "isBuyerMaker": false, "isBestMatch": true}, {"id": 32697631, "price": "0.95340000", "qty": "255.50000000", "quoteQty": "243.59370000", "time": 1693159262265, "isBuyerMaker": false, "isBestMatch": true}, {"id": 32697632, "price": "0.95370000", "qty": "154.00000000", "quoteQty": "146.86980000", "time": 1693159262375, "isBuyerMaker": false, "isBestMatch": true}, {"id": 32697633, "price": "0.95370000", "qty": "26.10000000", "quoteQty": "24.89157000", "time": 1693159263231, "isBuyerMaker": false, "isBestMatch": true}, {"id": 32697634, "price": "0.95340000", "qty": "916.20000000", "quoteQty": "873.50508000", "time": 1693159264991, "isBuyerMaker": true, "isBestMatch": true}, {"id": 32697635, "price": "0.95340000", "qty": "15.30000000", "quoteQty": "14.58702000", "time": 1693159264991, "isBuyerMaker": true, "isBestMatch": true}, {"id": 32697636, "price": "0.95340000", "qty": "325.10000000", "quoteQty": "309.95034000", "time": 1693159267028, "isBuyerMaker": true, "isBestMatch": true}, {"id": 32697637, "price": "0.95340000", "qty": "74.90000000", "quoteQty": "71.40966000", "time": 1693159267028, "isBuyerMaker": true, "isBestMatch": true}, {"id": 32697638, "price": "0.95340000", "qty": "1124.70000000", "quoteQty": "1072.28898000", "time": 1693159267028, "isBuyerMaker": true, "isBestMatch": true}, {"id": 32697639, "price": "0.95340000", "qty": "250.00000000", "quoteQty": "238.35000000", "time": 1693159267028, "isBuyerMaker": true, "isBestMatch": true}, {"id": 32697640, "price": "0.95340000", "qty": "1025.30000000", "quoteQty": "977.52102000", "time": 1693159267028, "isBuyerMaker": true, "isBestMatch": true}, {"id": 32697641, "price": "0.95340000", "qty": "545.70000000", "quoteQty": "520.27038000", "time": 1693159267029, "isBuyerMaker": true, "isBestMatch": true}, {"id": 32697642, "price": "0.95340000", "qty": "1069.60000000", "quoteQty": "1019.75664000", "time": 1693159267029, "isBuyerMaker": true, "isBestMatch": true}, {"id": 32697643, "price": "0.95340000", "qty": "92.80000000", "quoteQty": "88.47552000", "time": 1693159267029, "isBuyerMaker": true, "isBestMatch": true}, {"id": 32697644, "price": "0.95340000", "qty": "175.60000000", "quoteQty": "167.41704000", "time": 1693159267029, "isBuyerMaker": true, "isBestMatch": true}, {"id": 32697645, "price": "0.95330000", "qty": "1654.00000000", "quoteQty": "1576.75820000", "time": 1693159267029, "isBuyerMaker": true, "isBestMatch": true}, {"id": 32697646, "price": "0.95330000", "qty": "20.90000000", "quoteQty": "19.92397000", "time": 1693159267029, "isBuyerMaker": true, "isBestMatch": true}, {"id": 32697647, "price": "0.95330000", "qty": "250.00000000", "quoteQty": "238.32500000", "time": 1693159267029, "isBuyerMaker": true, "isBestMatch": true}, {"id": 32697648, "price": "0.95330000", "qty": "340.20000000", "quoteQty": "324.31266000", "time": 1693159267029, "isBuyerMaker": true, "isBestMatch": true}, {"id": 32697649, "price": "0.95330000", "qty": "29.40000000", "quoteQty": "28.02702000", "time": 1693159267029, "isBuyerMaker": true, "isBestMatch": true}, {"id": 32697650, "price": "0.95330000", "qty": "991.50000000", "quoteQty": "945.19695000", "time": 1693159267029, "isBuyerMaker": true, "isBestMatch": true}, {"id": 32697651, "price": "0.95320000", "qty": "3806.10000000", "quoteQty": "3627.97452000", "time": 1693159267029, "isBuyerMaker": true, "isBestMatch": true}, {"id": 32697652, "price": "0.95320000", "qty": "1243.50000000", "quoteQty": "1185.30420000", "time": 1693159267029, "isBuyerMaker": true, "isBestMatch": true}, {"id": 32697653, "price": "0.95320000", "qty": "104.90000000", "quoteQty": "99.99068000", "time": 1693159267029, "isBuyerMaker": true, "isBestMatch": true}, {"id": 32697654, "price": "0.95320000", "qty": "502.20000000", "quoteQty": "478.69704000", "time": 1693159267029, "isBuyerMaker": true, "isBestMatch": true}, {"id": 32697655, "price": "0.95320000", "qty": "340.40000000", "quoteQty": "324.46928000", "time": 1693159267029, "isBuyerMaker": true, "isBestMatch": true}, {"id": 32697656, "price": "0.95320000", "qty": "1021.00000000", "quoteQty": "973.21720000", "time": 1693159267029, "isBuyerMaker": true, "isBestMatch": true}, {"id": 32697657, "price": "0.95310000", "qty": "169.10000000", "quoteQty": "161.16921000", "time": 1693159267029, "isBuyerMaker": true, "isBestMatch": true}, {"id": 32697658, "price": "0.95310000", "qty": "23.20000000", "quoteQty": "22.11192000", "time": 1693159267029, "isBuyerMaker": true, "isBestMatch": true}, {"id": 32697659, "price": "0.95310000", "qty": "321.10000000", "quoteQty": "306.04041000", "time": 1693159267029, "isBuyerMaker": true, "isBestMatch": true}, {"id": 32697660, "price": "0.95310000", "qty": "1654.00000000", "quoteQty": "1576.42740000", "time": 1693159267029, "isBuyerMaker": true, "isBestMatch": true}, {"id": 32697661, "price": "0.95310000", "qty": "1360.80000000", "quoteQty": "1296.97848000", "time": 1693159267029, "isBuyerMaker": true, "isBestMatch": true}, {"id": 32697662, "price": "0.95310000", "qty": "524.70000000", "quoteQty": "500.09157000", "time": 1693159267029, "isBuyerMaker": true, "isBestMatch": true}, {"id": 32697663, "price": "0.95300000", "qty": "476.60000000", "quoteQty": "454.19980000", "time": 1693159267029, "isBuyerMaker": true, "isBestMatch": true}, {"id": 32697664, "price": "0.95300000", "qty": "696.80000000", "quoteQty": "664.05040000", "time": 1693159267029, "isBuyerMaker": true, "isBestMatch": true}, {"id": 32697665, "price": "0.95300000", "qty": "375.50000000", "quoteQty": "357.85150000", "time": 1693159267029, "isBuyerMaker": true, "isBestMatch": true}, {"id": 32697666, "price": "0.95300000", "qty": "21.00000000", "quoteQty": "20.01300000", "time": 1693159267029, "isBuyerMaker": true, "isBestMatch": true}, {"id": 32697667, "price": "0.95300000", "qty": "11.40000000", "quoteQty": "10.86420000", "time": 1693159267029, "isBuyerMaker": true, "isBestMatch": true}, {"id": 32697668, "price": "0.95300000", "qty": "1360.70000000", "quoteQty": "1296.74710000", "time": 1693159267029, "isBuyerMaker": true, "isBestMatch": true}, {"id": 32697669, "price": "0.95300000", "qty": "1017.30000000", "quoteQty": "969.48690000", "time": 1693159267029, "isBuyerMaker": true, "isBestMatch": true}, {"id": 32697670, "price": "0.95300000", "qty": "1177.90000000", "quoteQty": "1122.53870000", "time": 1693159267029, "isBuyerMaker": true, "isBestMatch": true}, {"id": 32697671, "price": "0.95300000", "qty": "940.20000000", "quoteQty": "896.01060000", "time": 1693159267030, "isBuyerMaker": true, "isBestMatch": true}, {"id": 32697672, "price": "0.95300000", "qty": "557.10000000", "quoteQty": "530.91630000", "time": 1693159267030, "isBuyerMaker": true, "isBestMatch": true}, {"id": 32697673, "price": "0.95300000", "qty": "491.60000000", "quoteQty": "468.49480000", "time": 1693159267030, "isBuyerMaker": true, "isBestMatch": true}, {"id": 32697674, "price": "0.95290000", "qty": "4245.40000000", "quoteQty": "4045.44166000", "time": 1693159267030, "isBuyerMaker": true, "isBestMatch": true}, {"id": 32697675, "price": "0.95290000", "qty": "1740.50000000", "quoteQty": "1658.52245000", "time": 1693159267030, "isBuyerMaker": true, "isBestMatch": true}, {"id": 32697676, "price": "0.95290000", "qty": "5501.10000000", "quoteQty": "5241.99819000", "time": 1693159267030, "isBuyerMaker": true, "isBestMatch": true}, {"id": 32697677, "price": "0.95290000", "qty": "207.20000000", "quoteQty": "197.44088000", "time": 1693159267031, "isBuyerMaker": true, "isBestMatch": true}, {"id": 32697678, "price": "0.95290000", "qty": "346.90000000", "quoteQty": "330.56101000", "time": 1693159267031, "isBuyerMaker": true, "isBestMatch": true}, {"id": 32697679, "price": "0.95290000", "qty": "148.50000000", "quoteQty": "141.50565000", "time": 1693159267031, "isBuyerMaker": true, "isBestMatch": true}, {"id": 32697680, "price": "0.95290000", "qty": "7824.50000000", "quoteQty": "7455.96605000", "time": 1693159267031, "isBuyerMaker": true, "isBestMatch": true}, {"id": 32697681, "price": "0.95290000", "qty": "866.70000000", "quoteQty": "825.87843000", "time": 1693159267032, "isBuyerMaker": true, "isBestMatch": true}, {"id": 32697682, "price": "0.95290000", "qty": "628.90000000", "quoteQty": "599.27881000", "time": 1693159267032, "isBuyerMaker": true, "isBestMatch": true}, {"id": 32697683, "price": "0.95290000", "qty": "3379.90000000", "quoteQty": "3220.70671000", "time": 1693159267032, "isBuyerMaker": true, "isBestMatch": true}, {"id": 32697684, "price": "0.95290000", "qty": "130.50000000", "quoteQty": "124.35345000", "time": 1693159267032, "isBuyerMaker": true, "isBestMatch": true}, {"id": 32697685, "price": "0.95290000", "qty": "192.20000000", "quoteQty": "183.14738000", "time": 1693159267032, "isBuyerMaker": true, "isBestMatch": true}, {"id": 32697686, "price": "0.95290000", "qty": "44.10000000", "quoteQty": "42.02289000", "time": 1693159267032, "isBuyerMaker": true, "isBestMatch": true}, {"id": 32697687, "price": "0.95290000", "qty": "1246.00000000", "quoteQty": "1187.31340000", "time": 1693159267032, "isBuyerMaker": true, "isBestMatch": true}, {"id": 32697688, "price": "0.95290000", "qty": "746.00000000", "quoteQty": "710.86340000", "time": 1693159267032, "isBuyerMaker": true, "isBestMatch": true}, {"id": 32697689, "price": "0.95290000", "qty": "519.60000000", "quoteQty": "495.12684000", "time": 1693159267032, "isBuyerMaker": true, "isBestMatch": true}