[{"id": 38256127, "price": "0.46210000", "qty": "47.70000000", "quoteQty": "22.04217000", "time": 1692712880408, "isBuyerMaker": false, "isBestMatch": true}, {"id": 38256128, "price": "0.46190000", "qty": "240.00000000", "quoteQty": "110.85600000", "time": 1692712880641, "isBuyerMaker": true, "isBestMatch": true}, {"id": 38256129, "price": "0.46200000", "qty": "47.70000000", "quoteQty": "22.03740000", "time": 1692712880644, "isBuyerMaker": false, "isBestMatch": true}, {"id": 38256130, "price": "0.46210000", "qty": "53.30000000", "quoteQty": "24.62993000", "time": 1692712880644, "isBuyerMaker": false, "isBestMatch": true}, {"id": 38256131, "price": "0.46210000", "qty": "47.70000000", "quoteQty": "22.04217000", "time": 1692712880644, "isBuyerMaker": false, "isBestMatch": true}, {"id": 38256132, "price": "0.46220000", "qty": "3694.40000000", "quoteQty": "1707.55168000", "time": 1692712880724, "isBuyerMaker": false, "isBestMatch": true}, {"id": 38256133, "price": "0.46220000", "qty": "657.50000000", "quoteQty": "303.89650000", "time": 1692712880724, "isBuyerMaker": false, "isBestMatch": true}, {"id": 38256134, "price": "0.46220000", "qty": "53.30000000", "quoteQty": "24.63526000", "time": 1692712880724, "isBuyerMaker": false, "isBestMatch": true}, {"id": 38256135, "price": "0.46230000", "qty": "47.60000000", "quoteQty": "22.00548000", "time": 1692712880724, "isBuyerMaker": false, "isBestMatch": true}, {"id": 38256136, "price": "0.46230000", "qty": "898.80000000", "quoteQty": "415.51524000", "time": 1692712880724, "isBuyerMaker": false, "isBestMatch": true}, {"id": 38256137, "price": "0.46230000", "qty": "461.00000000", "quoteQty": "213.12030000", "time": 1692712880724, "isBuyerMaker": false, "isBestMatch": true}, {"id": 38256138, "price": "0.46230000", "qty": "657.50000000", "quoteQty": "303.96225000", "time": 1692712880724, "isBuyerMaker": false, "isBestMatch": true}, {"id": 38256139, "price": "0.46210000", "qty": "240.00000000", "quoteQty": "110.90400000", "time": 1692712880741, "isBuyerMaker": true, "isBestMatch": true}, {"id": 38256140, "price": "0.46220000", "qty": "27.20000000", "quoteQty": "12.57184000", "time": 1692712880775, "isBuyerMaker": false, "isBestMatch": true}, {"id": 38256141, "price": "0.46230000", "qty": "429.80000000", "quoteQty": "198.69654000", "time": 1692712880775, "isBuyerMaker": false, "isBestMatch": true}, {"id": 38256142, "price": "0.46230000", "qty": "27.20000000", "quoteQty": "12.57456000", "time": 1692712880777, "isBuyerMaker": false, "isBestMatch": true}, {"id": 38256143, "price": "0.46230000", "qty": "484.00000000", "quoteQty": "223.75320000", "time": 1692712880777, "isBuyerMaker": false, "isBestMatch": true}, {"id": 38256144, "price": "0.46230000", "qty": "416.00000000", "quoteQty": "192.31680000", "time": 1692712880777, "isBuyerMaker": false, "isBestMatch": true}, {"id": 38256145, "price": "0.46230000", "qty": "490.00000000", "quoteQty": "226.52700000", "time": 1692712880777, "isBuyerMaker": false, "isBestMatch": true}, {"id": 38256146, "price": "0.46230000", "qty": "68.00000000", "quoteQty": "31.43640000", "time": 1692712880777, "isBuyerMaker": false, "isBestMatch": true}, {"id": 38256147, "price": "0.46210000", "qty": "125.90000000", "quoteQty": "58.17839000", "time": 1692712880818, "isBuyerMaker": true, "isBestMatch": true}, {"id": 38256148, "price": "0.46200000", "qty": "29.40000000", "quoteQty": "13.58280000", "time": 1692712880920, "isBuyerMaker": true, "isBestMatch": true}, {"id": 38256149, "price": "0.46200000", "qty": "27.20000000", "quoteQty": "12.56640000", "time": 1692712880920, "isBuyerMaker": true, "isBestMatch": true}, {"id": 38256150, "price": "0.46200000", "qty": "157.60000000", "quoteQty": "72.81120000", "time": 1692712880920, "isBuyerMaker": true, "isBestMatch": true}, {"id": 38256151, "price": "0.46200000", "qty": "149.90000000", "quoteQty": "69.25380000", "time": 1692712880990, "isBuyerMaker": true, "isBestMatch": true}, {"id": 38256152, "price": "0.46210000", "qty": "485.70000000", "quoteQty": "224.44197000", "time": 1692712881115, "isBuyerMaker": false, "isBestMatch": true}, {"id": 38256153, "price": "0.46230000", "qty": "386.00000000", "quoteQty": "178.44780000", "time": 1692712881146, "isBuyerMaker": false, "isBestMatch": true}, {"id": 38256154, "price": "0.46230000", "qty": "274.10000000", "quoteQty": "126.71643000", "time": 1692712881146, "isBuyerMaker": false, "isBestMatch": true}, {"id": 38256155, "price": "0.46230000", "qty": "547.60000000", "quoteQty": "253.15548000", "time": 1692712881453, "isBuyerMaker": true, "isBestMatch": true}, {"id": 38256156, "price": "0.46230000", "qty": "109.90000000", "quoteQty": "50.80677000", "time": 1692712881456, "isBuyerMaker": true, "isBestMatch": true}, {"id": 38256157, "price": "0.46220000", "qty": "518.10000000", "quoteQty": "239.46582000", "time": 1692712881463, "isBuyerMaker": true, "isBestMatch": true}, {"id": 38256158, "price": "0.46220000", "qty": "463.90000000", "quoteQty": "214.41458000", "time": 1692712881468, "isBuyerMaker": true, "isBestMatch": true}, {"id": 38256159, "price": "0.46250000", "qty": "190.00000000", "quoteQty": "87.87500000", "time": 1692712881726, "isBuyerMaker": false, "isBestMatch": true}, {"id": 38256160, "price": "0.46240000", "qty": "47.70000000", "quoteQty": "22.05648000", "time": 1692712881846, "isBuyerMaker": false, "isBestMatch": true}, {"id": 38256161, "price": "0.46240000", "qty": "68.00000000", "quoteQty": "31.44320000", "time": 1692712881976, "isBuyerMaker": false, "isBestMatch": true}, {"id": 38256162, "price": "0.46240000", "qty": "309.40000000", "quoteQty": "143.06656000", "time": 1692712881980, "isBuyerMaker": false, "isBestMatch": true}, {"id": 38256163, "price": "0.46250000", "qty": "149.80000000", "quoteQty": "69.28250000", "time": 1692712882076, "isBuyerMaker": false, "isBestMatch": true}, {"id": 38256164, "price": "0.46250000", "qty": "477.00000000", "quoteQty": "220.61250000", "time": 1692712882076, "isBuyerMaker": false, "isBestMatch": true}, {"id": 38256165, "price": "0.46260000", "qty": "164.00000000", "quoteQty": "75.86640000", "time": 1692712882087, "isBuyerMaker": false, "isBestMatch": true}, {"id": 38256166, "price": "0.46260000", "qty": "240.60000000", "quoteQty": "111.30156000", "time": 1692712882089, "isBuyerMaker": false, "isBestMatch": true}, {"id": 38256167, "price": "0.46260000", "qty": "252.90000000", "quoteQty": "116.99154000", "time": 1692712882091, "isBuyerMaker": false, "isBestMatch": true}, {"id": 38256168, "price": "0.46260000", "qty": "673.20000000", "quoteQty": "311.42232000", "time": 1692712882091, "isBuyerMaker": false, "isBestMatch": true}, {"id": 38256169, "price": "0.46260000", "qty": "455.00000000", "quoteQty": "210.48300000", "time": 1692712882108, "isBuyerMaker": false, "isBestMatch": true}, {"id": 38256170, "price": "0.46250000", "qty": "359.40000000", "quoteQty": "166.22250000", "time": 1692712882120, "isBuyerMaker": true, "isBestMatch": true}, {"id": 38256171, "price": "0.46260000", "qty": "2165.40000000", "quoteQty": "1001.71404000", "time": 1692712882435, "isBuyerMaker": false, "isBestMatch": true}, {"id": 38256172, "price": "0.46270000", "qty": "47.50000000", "quoteQty": "21.97825000", "time": 1692712882447, "isBuyerMaker": false, "isBestMatch": true}, {"id": 38256173, "price": "0.46270000", "qty": "898.20000000", "quoteQty": "415.59714000", "time": 1692712882447, "isBuyerMaker": false, "isBestMatch": true}, {"id": 38256174, "price": "0.46270000", "qty": "210.00000000", "quoteQty": "97.16700000", "time": 1692712882447, "isBuyerMaker": false, "isBestMatch": true}, {"id": 38256175, "price": "0.46270000", "qty": "211.00000000", "quoteQty": "97.62970000", "time": 1692712882448, "isBuyerMaker": false, "isBestMatch": true}, {"id": 38256176, "price": "0.46280000", "qty": "47.50000000", "quoteQty": "21.98300000", "time": 1692712882553, "isBuyerMaker": false, "isBestMatch": true}, {"id": 38256177, "price": "0.46280000", "qty": "473.60000000", "quoteQty": "219.18208000", "time": 1692712882553, "isBuyerMaker": false, "isBestMatch": true}, {"id": 38256178, "price": "0.46280000", "qty": "339.80000000", "quoteQty": "157.25944000", "time": 1692712882553, "isBuyerMaker": false, "isBestMatch": true}, {"id": 38256179, "price": "0.46280000", "qty": "413.20000000", "quoteQty": "191.22896000", "time": 1692712882553, "isBuyerMaker": false, "isBestMatch": true}, {"id": 38256180, "price": "0.46280000", "qty": "221.50000000", "quoteQty": "102.51020000", "time": 1692712882557, "isBuyerMaker": false, "isBestMatch": true}, {"id": 38256181, "price": "0.46280000", "qty": "797.80000000", "quoteQty": "369.22184000", "time": 1692712882558, "isBuyerMaker": false, "isBestMatch": true}, {"id": 38256182, "price": "0.46280000", "qty": "669.90000000", "quoteQty": "310.02972000", "time": 1692712882558, "isBuyerMaker": false, "isBestMatch": true}, {"id": 38256183, "price": "0.46270000", "qty": "442.80000000", "quoteQty": "204.88356000", "time": 1692712882599, "isBuyerMaker": true, "isBestMatch": true}, {"id": 38256184, "price": "0.46260000", "qty": "477.00000000", "quoteQty": "220.66020000", "time": 1692712882710, "isBuyerMaker": false, "isBestMatch": true}, {"id": 38256185, "price": "0.46270000", "qty": "432.00000000", "quoteQty": "199.88640000", "time": 1692712882717, "isBuyerMaker": false, "isBestMatch": true}, {"id": 38256186, "price": "0.46270000", "qty": "418.00000000", "quoteQty": "193.40860000", "time": 1692712882717, "isBuyerMaker": false, "isBestMatch": true}, {"id": 38256187, "price": "0.46270000", "qty": "443.00000000", "quoteQty": "204.97610000", "time": 1692712882717, "isBuyerMaker": false, "isBestMatch": true}, {"id": 38256188, "price": "0.46270000", "qty": "417.00000000", "quoteQty": "192.94590000", "time": 1692712882717, "isBuyerMaker": false, "isBestMatch": true}, {"id": 38256189, "price": "0.46270000", "qty": "16.40000000", "quoteQty": "7.58828000", "time": 1692712882717, "isBuyerMaker": false, "isBestMatch": true}, {"id": 38256190, "price": "0.46270000", "qty": "152.80000000", "quoteQty": "70.70056000", "time": 1692712882745, "isBuyerMaker": false, "isBestMatch": true}, {"id": 38256191, "price": "0.46280000", "qty": "264.70000000", "quoteQty": "122.50316000", "time": 1692712882765, "isBuyerMaker": false, "isBestMatch": true}, {"id": 38256192, "price": "0.46280000", "qty": "111.00000000", "quoteQty": "51.37080000", "time": 1692712882767, "isBuyerMaker": false, "isBestMatch": true}, {"id": 38256193, "price": "0.46280000", "qty": "267.30000000", "quoteQty": "123.70644000", "time": 1692712882777, "isBuyerMaker": false, "isBestMatch": true}, {"id": 38256194, "price": "0.46280000", "qty": "289.50000000", "quoteQty": "133.98060000", "time": 1692712882783, "isBuyerMaker": false, "isBestMatch": true}, {"id": 38256195, "price": "0.46290000", "qty": "47.60000000", "quoteQty": "22.03404000", "time": 1692712883572, "isBuyerMaker": true, "isBestMatch": true}, {"id": 38256196, "price": "0.46290000", "qty": "352.40000000", "quoteQty": "163.12596000", "time": 1692712883572, "isBuyerMaker": true, "isBestMatch": true}, {"id": 38256197, "price": "0.46290000", "qty": "131.00000000", "quoteQty": "60.63990000", "time": 1692712883583, "isBuyerMaker": true, "isBestMatch": true}, {"id": 38256198, "price": "0.46280000", "qty": "131.00000000", "quoteQty": "60.62680000", "time": 1692712883583, "isBuyerMaker": true, "isBestMatch": true}, {"id": 38256199, "price": "0.46280000", "qty": "131.00000000", "quoteQty": "60.62680000", "time": 1692712883584, "isBuyerMaker": true, "isBestMatch": true}, {"id": 38256200, "price": "0.46280000", "qty": "131.00000000", "quoteQty": "60.62680000", "time": 1692712883600, "isBuyerMaker": true, "isBestMatch": true}, {"id": 38256201, "price": "0.46300000", "qty": "112.70000000", "quoteQty": "52.18010000", "time": 1692712883829, "isBuyerMaker": false, "isBestMatch": true}, {"id": 38256202, "price": "0.46300000", "qty": "167.00000000", "quoteQty": "77.32100000", "time": 1692712883831, "isBuyerMaker": false, "isBestMatch": true}, {"id": 38256203, "price": "0.46300000", "qty": "188.20000000", "quoteQty": "87.13660000", "time": 1692712883831, "isBuyerMaker": false, "isBestMatch": true}, {"id": 38256204, "price": "0.46300000", "qty": "483.30000000", "quoteQty": "223.76790000", "time": 1692712883832, "isBuyerMaker": false, "isBestMatch": true}, {"id": 38256205, "price": "0.46310000", "qty": "41.00000000", "quoteQty": "18.98710000", "time": 1692712885072, "isBuyerMaker": true, "isBestMatch": true}, {"id": 38256206, "price": "0.46300000", "qty": "1057.40000000", "quoteQty": "489.57620000", "time": 1692712885076, "isBuyerMaker": true, "isBestMatch": true}, {"id": 38256207, "price": "0.46300000", "qty": "1065.60000000", "quoteQty": "493.37280000", "time": 1692712885076, "isBuyerMaker": true, "isBestMatch": true}, {"id": 38256208, "price": "0.46290000", "qty": "417.00000000", "quoteQty": "193.02930000", "time": 1692712885152, "isBuyerMaker": true, "isBestMatch": true}, {"id": 38256209, "price": "0.46270000", "qty": "454.00000000", "quoteQty": "210.06580000", "time": 1692712885283, "isBuyerMaker": true, "isBestMatch": true}, {"id": 38256210, "price": "0.46270000", "qty": "457.00000000", "quoteQty": "211.45390000", "time": 1692712885283, "isBuyerMaker": true, "isBestMatch": true}, {"id": 38256211, "price": "0.46260000", "qty": "477.00000000", "quoteQty": "220.66020000", "time": 1692712885295, "isBuyerMaker": true, "isBestMatch": true}, {"id": 38256212, "price": "0.46260000", "qty": "342.00000000", "quoteQty": "158.20920000", "time": 1692712885295, "isBuyerMaker": true, "isBestMatch": true}, {"id": 38256213, "price": "0.46260000", "qty": "142.00000000", "quoteQty": "65.68920000", "time": 1692712885299, "isBuyerMaker": true, "isBestMatch": true}, {"id": 38256214, "price": "0.46260000", "qty": "208.30000000", "quoteQty": "96.35958000", "time": 1692712887979, "isBuyerMaker": true, "isBestMatch": true}, {"id": 38256215, "price": "0.46260000", "qty": "149.70000000", "quoteQty": "69.25122000", "time": 1692712887980, "isBuyerMaker": true, "isBestMatch": true}, {"id": 38256216, "price": "0.46260000", "qty": "299.50000000", "quoteQty": "138.54870000", "time": 1692712888007, "isBuyerMaker": true, "isBestMatch": true}, {"id": 38256217, "price": "0.46260000", "qty": "589.60000000", "quoteQty": "272.74896000", "time": 1692712888082, "isBuyerMaker": true, "isBestMatch": true}, {"id": 38256218, "price": "0.46260000", "qty": "19.50000000", "quoteQty": "9.02070000", "time": 1692712888090, "isBuyerMaker": true, "isBestMatch": true}, {"id": 38256219, "price": "0.46280000", "qty": "802.60000000", "quoteQty": "371.44328000", "time": 1692712890422, "isBuyerMaker": false, "isBestMatch": true}, {"id": 38256220, "price": "0.46300000", "qty": "393.00000000", "quoteQty": "181.95900000", "time": 1692712890449, "isBuyerMaker": false, "isBestMatch": true}, {"id": 38256221, "price": "0.46300000", "qty": "393.00000000", "quoteQty": "181.95900000", "time": 1692712890450, "isBuyerMaker": false, "isBestMatch": true}, {"id": 38256222, "price": "0.46300000", "qty": "204.90000000", "quoteQty": "94.86870000", "time": 1692712890451, "isBuyerMaker": false, "isBestMatch": true}, {"id": 38256223, "price": "0.46310000", "qty": "47.60000000", "quoteQty": "22.04356000", "time": 1692712890451, "isBuyerMaker": false, "isBestMatch": true}, {"id": 38256224, "price": "0.46310000", "qty": "140.50000000", "quoteQty": "65.06555000", "time": 1692712890451, "isBuyerMaker": false, "isBestMatch": true}, {"id": 38256225, "price": "0.46310000", "qty": "199.30000000", "quoteQty": "92.29583000", "time": 1692712890523, "isBuyerMaker": false, "isBestMatch": true}, {"id": 38256226, "price": "0.46280000", "qty": "339.80000000", "quoteQty": "157.25944000", "time": 1692712892944, "isBuyerMaker": true, "isBestMatch": true}, {"id": 38256227, "price": "0.46250000", "qty": "476.20000000", "quoteQty": "220.24250000", "time": 1692712894892, "isBuyerMaker": true, "isBestMatch": true}, {"id": 38256228, "price": "0.46240000", "qty": "47.60000000", "quoteQty": "22.01024000", "time": 1692712894892, "isBuyerMaker": true, "isBestMatch": true}, {"id": 38256229, "price": "0.46240000", "qty": "898.90000000", "quoteQty": "415.65136000", "time": 1692712894892, "isBuyerMaker": true, "isBestMatch": true}, {"id": 38256230, "price": "0.46230000", "qty": "47.60000000", "quoteQty": "22.00548000", "time": 1692712894892, "isBuyerMaker": true, "isBestMatch": true}, {"id": 38256231, "price": "0.46230000", "qty": "1081.80000000", "quoteQty": "500.11614000", "time": 1692712894892, "isBuyerMaker": true, "isBestMatch": true}, {"id": 38256232, "price": "0.46230000", "qty": "657.50000000", "quoteQty": "303.96225000", "time": 1692712894892, "isBuyerMaker": true, "isBestMatch": true}, {"id": 38256233, "price": "0.46220000", "qty": "339.80000000", "quoteQty": "157.05556000", "time": 1692712894892, "isBuyerMaker": true, "isBestMatch": true}, {"id": 38256234, "price": "0.46220000", "qty": "47.60000000", "quoteQty": "22.00072000", "time": 1692712894892, "isBuyerMaker": true, "isBestMatch": true}, {"id": 38256235, "price": "0.46220000", "qty": "2995.00000000", "quoteQty": "1384.28900000", "time": 1692712894892, "isBuyerMaker": true, "isBestMatch": true}, {"id": 38256236, "price": "0.46220000", "qty": "4193.40000000", "quoteQty": "1938.18948000", "time": 1692712894892, "isBuyerMaker": true, "isBestMatch": true}, {"id": 38256237, "price": "0.46220000", "qty": "1533.80000000", "quoteQty": "708.92236000", "time": 1692712894892, "isBuyerMaker": true, "isBestMatch": true}, {"id": 38256238, "price": "0.46220000", "qty": "657.50000000", "quoteQty": "303.89650000", "time": 1692712894892, "isBuyerMaker": true, "isBestMatch": true}, {"id": 38256239, "price": "0.46210000", "qty": "47.60000000", "quoteQty": "21.99596000", "time": 1692712894892, "isBuyerMaker": true, "isBestMatch": true}, {"id": 38256240, "price": "0.46210000", "qty": "1056.20000000", "quoteQty": "488.07002000", "time": 1692712894892, "isBuyerMaker": true, "isBestMatch": true}, {"id": 38256241, "price": "0.46240000", "qty": "1412.10000000", "quoteQty": "652.95504000", "time": 1692712897488, "isBuyerMaker": false, "isBestMatch": true}, {"id": 38256242, "price": "0.46240000", "qty": "183.50000000", "quoteQty": "84.85040000", "time": 1692712897488, "isBuyerMaker": false, "isBestMatch": true}, {"id": 38256243, "price": "0.46240000", "qty": "1157.60000000", "quoteQty": "535.27424000", "time": 1692712897492, "isBuyerMaker": false, "isBestMatch": true}, {"id": 38256244, "price": "0.46250000", "qty": "47.60000000", "quoteQty": "22.01500000", "time": 1692712897529, "isBuyerMaker": false, "isBestMatch": true}, {"id": 38256245, "price": "0.46270000", "qty": "502.40000000", "quoteQty": "232.46048000", "time": 1692712897529, "isBuyerMaker": false, "isBestMatch": true}, {"id": 38256246, "price": "0.46270000", "qty": "155.10000000", "quoteQty": "71.76477000", "time": 1692712897531, "isBuyerMaker": false, "isBestMatch": true}, {"id": 38256247, "price": "0.46280000", "qty": "47.60000000", "quoteQty": "22.02928000", "time": 1692712897531, "isBuyerMaker": false, "isBestMatch": true}, {"id": 38256248, "price": "0.46280000", "qty": "622.30000000", "quoteQty": "288.00044000", "time": 1692712897531, "isBuyerMaker": false, "isBestMatch": true}, {"id": 38256249, "price": "0.46280000", "qty": "276.40000000", "quoteQty": "127.91792000", "time": 1692712897531, "isBuyerMaker": false, "isBestMatch": true}, {"id": 38256250, "price": "0.46280000", "qty": "273.60000000", "quoteQty": "126.62208000", "time": 1692712897531, "isBuyerMaker": false, "isBestMatch": true}, {"id": 38256251, "price": "0.46270000", "qty": "47.60000000", "quoteQty": "22.02452000", "time": 1692712897532, "isBuyerMaker": false, "isBestMatch": true}, {"id": 38256252, "price": "0.46280000", "qty": "383.90000000", "quoteQty": "177.66892000", "time": 1692712897532, "isBuyerMaker": false, "isBestMatch": true}, {"id": 38256253, "price": "0.46290000", "qty": "118.50000000", "quoteQty": "54.85365000", "time": 1692712897532, "isBuyerMaker": false, "isBestMatch": true}, {"id": 38256254, "price": "0.46290000", "qty": "307.80000000", "quoteQty": "142.48062000", "time": 1692712897533, "isBuyerMaker": false, "isBestMatch": true}, {"id": 38256255, "price": "0.46290000", "qty": "47.60000000", "quoteQty": "22.03404000", "time": 1692712897533, "isBuyerMaker": false, "isBestMatch": true}, {"id": 38256256, "price": "0.46290000", "qty": "194.60000000", "quoteQty": "90.08034000", "time": 1692712897533, "isBuyerMaker": false, "isBestMatch": true}, {"id": 38256257, "price": "0.46280000", "qty": "47.60000000", "quoteQty": "22.02928000", "time": 1692712897536, "isBuyerMaker": false, "isBestMatch": true}, {"id": 38256258, "price": "0.46300000", "qty": "502.40000000", "quoteQty": "232.61120000", "time": 1692712897536, "isBuyerMaker": false, "isBestMatch": true}, {"id": 38256259, "price": "0.46280000", "qty": "657.50000000", "quoteQty": "304.29100000", "time": 1692712897595, "isBuyerMaker": false, "isBestMatch": true}, {"id": 38256260, "price": "0.46290000", "qty": "167.50000000", "quoteQty": "77.53575000", "time": 1692712897595, "isBuyerMaker": false, "isBestMatch": true}, {"id": 38256261, "price": "0.46280000", "qty": "491.00000000", "quoteQty": "227.23480000", "time": 1692712899029, "isBuyerMaker": true, "isBestMatch": true}, {"id": 38256262, "price": "0.46280000", "qty": "523.40000000", "quoteQty": "242.22952000", "time": 1692712900096, "isBuyerMaker": false, "isBestMatch": true}, {"id": 38256263, "price": "0.46290000", "qty": "27.00000000", "quoteQty": "12.49830000", "time": 1692712900160, "isBuyerMaker": false, "isBestMatch": true}, {"id": 38256264, "price": "0.46290000", "qty": "27.00000000", "quoteQty": "12.49830000", "time": 1692712900162, "isBuyerMaker": false, "isBestMatch": true}, {"id": 38256265, "price": "0.46300000", "qty": "27.00000000", "quoteQty": "12.50100000", "time": 1692712900167, "isBuyerMaker": false, "isBestMatch": true}, {"id": 38256266, "price": "0.46300000", "qty": "27.00000000", "quoteQty": "12.50100000", "time": 1692712900167, "isBuyerMaker": false, "isBestMatch": true}, {"id": 38256267, "price": "0.46300000", "qty": "27.00000000", "quoteQty": "12.50100000", "time": 1692712900169, "isBuyerMaker": false, "isBestMatch": true}, {"id": 38256268, "price": "0.46290000", "qty": "379.60000000", "quoteQty": "175.71684000", "time": 1692712901342, "isBuyerMaker": false, "isBestMatch": true}, {"id": 38256269, "price": "0.46310000", "qty": "424.80000000", "quoteQty": "196.72488000", "time": 1692712901889, "isBuyerMaker": false, "isBestMatch": true}, {"id": 38256270, "price": "0.46310000", "qty": "20.60000000", "quoteQty": "9.53986000", "time": 1692712902044, "isBuyerMaker": false, "isBestMatch": true}, {"id": 38256271, "price": "0.46310000", "qty": "454.20000000", "quoteQty": "210.34002000", "time": 1692712902044, "isBuyerMaker": false, "isBestMatch": true}, {"id": 38256272, "price": "0.46330000", "qty": "146.50000000", "quoteQty": "67.87345000", "time": 1692712903983, "isBuyerMaker": false, "isBestMatch": true}, {"id": 38256273, "price": "0.46340000", "qty": "389.30000000", "quoteQty": "180.40162000", "time": 1692712905700, "isBuyerMaker": false, "isBestMatch": true}, {"id": 38256274, "price": "0.46340000", "qty": "258.00000000", "quoteQty": "119.55720000", "time": 1692712905704, "isBuyerMaker": false, "isBestMatch": true}, {"id": 38256275, "price": "0.46350000", "qty": "299.90000000", "quoteQty": "139.00365000", "time": 1692712906089, "isBuyerMaker": false, "isBestMatch": true}, {"id": 38256276, "price": "0.46350000", "qty": "657.50000000", "quoteQty": "304.75125000", "time": 1692712906449, "isBuyerMaker": true, "isBestMatch": true}, {"id": 38256277, "price": "0.46340000", "qty": "47.60000000", "quoteQty": "22.05784000", "time": 1692712906449, "isBuyerMaker": true, "isBestMatch": true}, {"id": 38256278, "price": "0.46340000", "qty": "84.20000000", "quoteQty": "39.01828000", "time": 1692712906449, "isBuyerMaker": true, "isBestMatch": true}, {"id": 38256279, "price": "0.46320000", "qty": "458.00000000", "quoteQty": "212.14560000", "time": 1692712913491, "isBuyerMaker": false, "isBestMatch": true}, {"id": 38256280, "price": "0.46310000", "qty": "657.50000000", "quoteQty": "304.48825000", "time": 1692712922011, "isBuyerMaker": true, "isBestMatch": true}, {"id": 38256281, "price": "0.46310000", "qty": "664.70000000", "quoteQty": "307.82257000", "time": 1692712922011, "isBuyerMaker": true, "isBestMatch": true}, {"id": 38256282, "price": "0.46310000", "qty": "426.30000000", "quoteQty": "197.41953000", "time": 1692712923007, "isBuyerMaker": false, "isBestMatch": true}, {"id": 38256283, "price": "0.46340000", "qty": "377.40000000", "quoteQty": "174.88716000", "time": 1692712928882, "isBuyerMaker": true, "isBestMatch": true}, {"id": 38256284, "price": "0.46330000", "qty": "47.50000000", "quoteQty": "22.00675000", "time": 1692712928882, "isBuyerMaker": true, "isBestMatch": true}, {"id": 38256285, "price": "0.46330000", "qty": "898.90000000", "quoteQty": "416.46037000", "time": 1692712928882, "isBuyerMaker": true, "isBestMatch": true}, {"id": 38256286, "price": "0.46330000", "qty": "276.20000000", "quoteQty": "127.96346000", "time": 1692712928882, "isBuyerMaker": true, "isBestMatch": true}, {"id": 38256287, "price": "0.46330000", "qty": "1079.50000000", "quoteQty": "500.13235000", "time": 1692712932260, "isBuyerMaker": true, "isBestMatch": true}, {"id": 38256288, "price": "0.46320000", "qty": "47.50000000", "quoteQty": "22.00200000", "time": 1692712932260, "isBuyerMaker": true, "isBestMatch": true}, {"id": 38256289, "price": "0.46320000", "qty": "1151.50000000", "quoteQty": "533.37480000", "time": 1692712932275, "isBuyerMaker": false, "isBestMatch": true}, {"id": 38256290, "price": "0.46320000", "qty": "1091.60000000", "quoteQty": "505.62912000", "time": 1692712932277, "isBuyerMaker": false, "isBestMatch": true}, {"id": 38256291, "price": "0.46320000", "qty": "3898.20000000", "quoteQty": "1805.64624000", "time": 1692712932280, "isBuyerMaker": false, "isBestMatch": true}, {"id": 38256292, "price": "0.46330000", "qty": "227.60000000", "quoteQty": "105.44708000", "time": 1692712936058, "isBuyerMaker": false, "isBestMatch": true}, {"id": 38256293, "price": "0.46330000", "qty": "176.30000000", "quoteQty": "81.67979000", "time": 1692712936061, "isBuyerMaker": false, "isBestMatch": true}, {"id": 38256294, "price": "0.46330000", "qty": "119.60000000", "quoteQty": "55.41068000", "time": 1692712936066, "isBuyerMaker": false, "isBestMatch": true}, {"id": 38256295, "price": "0.46330000", "qty": "71.70000000", "quoteQty": "33.21861000", "time": 1692712936071, "isBuyerMaker": false, "isBestMatch": true}, {"id": 38256296, "price": "0.46360000", "qty": "47.50000000", "quoteQty": "22.02100000", "time": 1692712939298, "isBuyerMaker": true, "isBestMatch": true}, {"id": 38256297, "price": "0.46360000", "qty": "123.10000000", "quoteQty": "57.06916000", "time": 1692712939686, "isBuyerMaker": false, "isBestMatch": true}, {"id": 38256298, "price": "0.46340000", "qty": "170.60000000", "quoteQty": "79.05604000", "time": 1692712943621, "isBuyerMaker": true, "isBestMatch": true}, {"id": 38256299, "price": "0.46360000", "qty": "449.00000000", "quoteQty": "208.15640000", "time": 1692712960026, "isBuyerMaker": false, "isBestMatch": true}, {"id": 38256300, "price": "0.46360000", "qty": "1078.70000000", "quoteQty": "500.08532000", "time": 1692712960026, "isBuyerMaker": false, "isBestMatch": true}, {"id": 38256301, "price": "0.46370000", "qty": "476.30000000", "quoteQty": "220.86031000", "time": 1692712960037, "isBuyerMaker": false, "isBestMatch": true}, {"id": 38256302, "price": "0.46370000", "qty": "170.60000000", "quoteQty": "79.10722000", "time": 1692712960037, "isBuyerMaker": false, "isBestMatch": true}, {"id": 38256303, "price": "0.46380000", "qty": "305.00000000", "quoteQty": "141.45900000", "time": 1692712960071, "isBuyerMaker": false, "isBestMatch": true}, {"id": 38256304, "price": "0.46420000", "qty": "110.60000000", "quoteQty": "51.34052000", "time": 1692713000684, "isBuyerMaker": false, "isBestMatch": true}, {"id": 38256305, "price": "0.46420000", "qty": "111.50000000", "quoteQty": "51.75830000", "time": 1692713000701, "isBuyerMaker": false, "isBestMatch": true}, {"id": 38256306, "price": "0.46420000", "qty": "66.70000000", "quoteQty": "30.96214000", "time": 1692713000706, "isBuyerMaker": false, "isBestMatch": true}, {"id": 38256307, "price": "0.46440000", "qty": "57.00000000", "quoteQty": "26.47080000", "time": 1692713000709, "isBuyerMaker": false, "isBestMatch": true}, {"id": 38256308, "price": "0.46440000", "qty": "57.00000000", "quoteQty": "26.47080000", "time": 1692713000710, "isBuyerMaker": false, "isBestMatch": true}, {"id": 38256309, "price": "0.46440000", "qty": "57.00000000", "quoteQty": "26.47080000", "time": 1692713000710, "isBuyerMaker": false, "isBestMatch": true}, {"id": 38256310, "price": "0.46440000", "qty": "57.00000000", "quoteQty": "26.47080000", "time": 1692713000713, "isBuyerMaker": false, "isBestMatch": true}, {"id": 38256311, "price": "0.46450000", "qty": "57.00000000", "quoteQty": "26.47650000", "time": 1692713000725, "isBuyerMaker": false, "isBestMatch": true}, {"id": 38256312, "price": "0.46440000", "qty": "47.50000000", "quoteQty": "22.05900000", "time": 1692713000734, "isBuyerMaker": true, "isBestMatch": true}, {"id": 38256313, "price": "0.46450000", "qty": "126.70000000", "quoteQty": "58.85215000", "time": 1692713004338, "isBuyerMaker": true, "isBestMatch": true}, {"id": 38256314, "price": "0.46460000", "qty": "322.90000000", "quoteQty": "150.01934000", "time": 1692713007370, "isBuyerMaker": false, "isBestMatch": true}, {"id": 38256315, "price": "0.46460000", "qty": "117.10000000", "quoteQty": "54.40466000", "time": 1692713007370, "isBuyerMaker": false, "isBestMatch": true}, {"id": 38256316, "price": "0.46480000", "qty": "88.00000000", "quoteQty": "40.90240000", "time": 1692713007430, "isBuyerMaker": false, "isBestMatch": true}, {"id": 38256317, "price": "0.46480000", "qty": "88.00000000", "quoteQty": "40.90240000", "time": 1692713007431, "isBuyerMaker": false, "isBestMatch": true}, {"id": 38256318, "price": "0.46480000", "qty": "88.00000000", "quoteQty": "40.90240000", "time": 1692713007436, "isBuyerMaker": false, "isBestMatch": true}, {"id": 38256319, "price": "0.46480000", "qty": "41.00000000", "quoteQty": "19.05680000", "time": 1692713007445, "isBuyerMaker": false, "isBestMatch": true}, {"id": 38256320, "price": "0.46500000", "qty": "132.00000000", "quoteQty": "61.38000000", "time": 1692713009850, "isBuyerMaker": false, "isBestMatch": true}, {"id": 38256321, "price": "0.46510000", "qty": "59.00000000", "quoteQty": "27.44090000", "time": 1692713010407, "isBuyerMaker": false, "isBestMatch": true}, {"id": 38256322, "price": "0.46490000", "qty": "276.40000000", "quoteQty": "128.49836000", "time": 1692713010472, "isBuyerMaker": true, "isBestMatch": true}, {"id": 38256323, "price": "0.46490000", "qty": "31.20000000", "quoteQty": "14.50488000", "time": 1692713010716, "isBuyerMaker": true, "isBestMatch": true}, {"id": 38256324, "price": "0.46500000", "qty": "330.60000000", "quoteQty": "153.72900000", "time": 1692713011008, "isBuyerMaker": false, "isBestMatch": true}, {"id": 38256325, "price": "0.46500000", "qty": "13.00000000", "quoteQty": "6.04500000", "time": 1692713011008, "isBuyerMaker": false, "isBestMatch": true}, {"id": 38256326, "price": "0.46500000", "qty": "440.00000000", "quoteQty": "204.60000000", "time": 1692713011787, "isBuyerMaker": false, "isBestMatch": true}, {"id": 38256327, "price": "0.46510000", "qty": "563.40000000", "quoteQty": "262.03734000", "time": 1692713020148, "isBuyerMaker": true, "isBestMatch": true}, {"id": 38256328, "price": "0.46510000", "qty": "226.20000000", "quoteQty": "105.20562000", "time": 1692713020536, "isBuyerMaker": true, "isBestMatch": true}, {"id": 38256329, "price": "0.46510000", "qty": "393.70000000", "quoteQty": "183.10987000", "time": 1692713020536, "isBuyerMaker": true, "isBestMatch": true}, {"id": 38256330, "price": "0.46500000", "qty": "465.80000000", "quoteQty": "216.59700000", "time": 1692713020776, "isBuyerMaker": true, "isBestMatch": true}, {"id": 38256331, "price": "0.46520000", "qty": "32.50000000", "quoteQty": "15.11900000", "time": 1692713024747, "isBuyerMaker": false, "isBestMatch": true}, {"id": 38256332, "price": "0.46530000", "qty": "67.70000000", "quoteQty": "31.50081000", "time": 1692713024747, "isBuyerMaker": false, "isBestMatch": true}, {"id": 38256333, "price": "0.46530000", "qty": "23.80000000", "quoteQty": "11.07414000", "time": 1692713027776, "isBuyerMaker": false, "isBestMatch": true}, {"id": 38256334, "price": "0.46530000", "qty": "118.20000000", "quoteQty": "54.99846000", "time": 1692713027776, "isBuyerMaker": false, "isBestMatch": true}, {"id": 38256335, "price": "0.46530000", "qty": "95.00000000", "quoteQty": "44.20350000", "time": 1692713027778, "isBuyerMaker": false, "isBestMatch": true}, {"id": 38256336, "price": "0.46530000", "qty": "95.00000000", "quoteQty": "44.20350000", "time": 1692713027780, "isBuyerMaker": false, "isBestMatch": true}, {"id": 38256337, "price": "0.46530000", "qty": "95.00000000", "quoteQty": "44.20350000", "time": 1692713027784, "isBuyerMaker": false, "isBestMatch": true}, {"id": 38256338, "price": "0.46530000", "qty": "95.00000000", "quoteQty": "44.20350000", "time": 1692713027793, "isBuyerMaker": false, "isBestMatch": true}, {"id": 38256339, "price": "0.46540000", "qty": "530.30000000", "quoteQty": "246.80162000", "time": 1692713027942, "isBuyerMaker": false, "isBestMatch": true}, {"id": 38256340, "price": "0.46560000", "qty": "126.00000000", "quoteQty": "58.66560000", "time": 1692713027970, "isBuyerMaker": false, "isBestMatch": true}, {"id": 38256341, "price": "0.46560000", "qty": "25.00000000", "quoteQty": "11.64000000", "time": 1692713027979, "isBuyerMaker": false, "isBestMatch": true}, {"id": 38256342, "price": "0.46550000", "qty": "75.50000000", "quoteQty": "35.14525000", "time": 1692713034136, "isBuyerMaker": true, "isBestMatch": true}, {"id": 38256343, "price": "0.46560000", "qty": "76.70000000", "quoteQty": "35.71152000", "time": 1692713050964, "isBuyerMaker": false, "isBestMatch": true}, {"id": 38256344, "price": "0.46560000", "qty": "54.00000000", "quoteQty": "25.14240000", "time": 1692713050964, "isBuyerMaker": false, "isBestMatch": true}, {"id": 38256345, "price": "0.46560000", "qty": "69.90000000", "quoteQty": "32.54544000", "time": 1692713050964, "isBuyerMaker": false, "isBestMatch": true}, {"id": 38256346, "price": "0.46570000", "qty": "40.00000000", "quoteQty": "18.62800000", "time": 1692713051027, "isBuyerMaker": false, "isBestMatch": true}, {"id": 38256347, "price": "0.46570000", "qty": "717.30000000", "quoteQty": "334.04661000", "time": 1692713051404, "isBuyerMaker": false, "isBestMatch": true}, {"id": 38256348, "price": "0.46580000", "qty": "60.00000000", "quoteQty": "27.94800000", "time": 1692713051408, "isBuyerMaker": false, "isBestMatch": true}, {"id": 38256349, "price": "0.46580000", "qty": "60.00000000", "quoteQty": "27.94800000", "time": 1692713051411, "isBuyerMaker": false, "isBestMatch": true}, {"id": 38256350, "price": "0.46580000", "qty": "143.00000000", "quoteQty": "66.60940000", "time": 1692713051413, "isBuyerMaker": false, "isBestMatch": true}, {"id": 38256351, "price": "0.46580000", "qty": "151.00000000", "quoteQty": "70.33580000", "time": 1692713051413, "isBuyerMaker": false, "isBestMatch": true}, {"id": 38256352, "price": "0.46580000", "qty": "40.00000000", "quoteQty": "18.63200000", "time": 1692713051472, "isBuyerMaker": false, "isBestMatch": true}, {"id": 38256353, "price": "0.46580000", "qty": "23.70000000", "quoteQty": "11.03946000", "time": 1692713052010, "isBuyerMaker": true, "isBestMatch": true}, {"id": 38256354, "price": "0.46580000", "qty": "60.30000000", "quoteQty": "28.08774000", "time": 1692713052110, "isBuyerMaker": true, "isBestMatch": true}, {"id": 38256355, "price": "0.46580000", "qty": "22.70000000", "quoteQty": "10.57366000", "time": 1692713052153, "isBuyerMaker": true, "isBestMatch": true}, {"id": 38256356, "price": "0.46590000", "qty": "43.00000000", "quoteQty": "20.03370000", "time": 1692713057976, "isBuyerMaker": false, "isBestMatch": true}, {"id": 38256357, "price": "0.46590000", "qty": "69.10000000", "quoteQty": "32.19369000", "time": 1692713065536, "isBuyerMaker": false, "isBestMatch": true}, {"id": 38256358, "price": "0.46590000", "qty": "30.60000000", "quoteQty": "14.25654000", "time": 1692713065536, "isBuyerMaker": false, "isBestMatch": true}, {"id": 38256359, "price": "0.46580000", "qty": "800.00000000", "quoteQty": "372.64000000", "time": 1692713066108, "isBuyerMaker": true, "isBestMatch": true}, {"id": 38256360, "price": "0.46580000", "qty": "623.60000000", "quoteQty": "290.47288000", "time": 1692713066108, "isBuyerMaker": true, "isBestMatch": true}, {"id": 38256361, "price": "0.46580000", "qty": "116.30000000", "quoteQty": "54.17254000", "time": 1692713067912, "isBuyerMaker": false, "isBestMatch": true}, {"id": 38256362, "price": "0.46580000", "qty": "239.20000000", "quoteQty": "111.41936000", "time": 1692713067959, "isBuyerMaker": false, "isBestMatch": true}, {"id": 38256363, "price": "0.46600000", "qty": "104.80000000", "quoteQty": "48.83680000", "time": 1692713076284, "isBuyerMaker": false, "isBestMatch": true}, {"id": 38256364, "price": "0.46600000", "qty": "145.60000000", "quoteQty": "67.84960000", "time": 1692713076286, "isBuyerMaker": false, "isBestMatch": true}, {"id": 38256365, "price": "0.46600000", "qty": "6.40000000", "quoteQty": "2.98240000", "time": 1692713076286, "isBuyerMaker": false, "isBestMatch": true}, {"id": 38256366, "price": "0.46560000", "qty": "491.50000000", "quoteQty": "228.84240000", "time": 1692713100926, "isBuyerMaker": true, "isBestMatch": true}, {"id": 38256367, "price": "0.46550000", "qty": "871.60000000", "quoteQty": "405.72980000", "time": 1692713100931, "isBuyerMaker": true, "isBestMatch": true}, {"id": 38256368, "price": "0.46550000", "qty": "107.30000000", "quoteQty": "49.94815000", "time": 1692713100931, "isBuyerMaker": true, "isBestMatch": true}, {"id": 38256369, "price": "0.46550000", "qty": "1074.50000000", "quoteQty": "500.17975000", "time": 1692713100931, "isBuyerMaker": true, "isBestMatch": true}, {"id": 38256370, "price": "0.46550000", "qty": "416.00000000", "quoteQty": "193.64800000", "time": 1692713100943, "isBuyerMaker": true, "isBestMatch": true}, {"id": 38256371, "price": "0.46550000", "qty": "262.00000000", "quoteQty": "121.96100000", "time": 1692713100949, "isBuyerMaker": true, "isBestMatch": true}, {"id": 38256372, "price": "0.46550000", "qty": "147.00000000", "quoteQty": "68.42850000", "time": 1692713100965, "isBuyerMaker": true, "isBestMatch": true}, {"id": 38256373, "price": "0.46550000", "qty": "490.00000000", "quoteQty": "228.09500000", "time": 1692713100965, "isBuyerMaker": true, "isBestMatch": true}, {"id": 38256374, "price": "0.46550000", "qty": "418.00000000", "quoteQty": "194.57900000", "time": 1692713100965, "isBuyerMaker": true, "isBestMatch": true}, {"id": 38256375, "price": "0.46550000", "qty": "443.00000000", "quoteQty": "206.21650000", "time": 1692713100965, "isBuyerMaker": true, "isBestMatch": true}, {"id": 38256376, "price": "0.46550000", "qty": "432.00000000", "quoteQty": "201.09600000", "time": 1692713100965, "isBuyerMaker": true, "isBestMatch": true}, {"id": 38256377, "price": "0.46520000", "qty": "339.80000000", "quoteQty": "158.07496000", "time": 1692713101497, "isBuyerMaker": true, "isBestMatch": true}, {"id": 38256378, "price": "0.46520000", "qty": "293.50000000", "quoteQty": "136.53620000", "time": 1692713101497, "isBuyerMaker": true, "isBestMatch": true}, {"id": 38256379, "price": "0.46520000", "qty": "86.50000000", "quoteQty": "40.23980000", "time": 1692713101501, "isBuyerMaker": true, "isBestMatch": true}, {"id": 38256380, "price": "0.46510000", "qty": "372.00000000", "quoteQty": "173.01720000", "time": 1692713105595, "isBuyerMaker": true, "isBestMatch": true}, {"id": 38256381, "price": "0.46500000", "qty": "365.00000000", "quoteQty": "169.72500000", "time": 1692713107219, "isBuyerMaker": true, "isBestMatch": true}, {"id": 38256382, "price": "0.46490000", "qty": "214.80000000", "quoteQty": "99.86052000", "time": 1692713108557, "isBuyerMaker": true, "isBestMatch": true}, {"id": 38256383, "price": "0.46490000", "qty": "358.00000000", "quoteQty": "166.43420000", "time": 1692713108557, "isBuyerMaker": true, "isBestMatch": true}, {"id": 38256384, "price": "0.46490000", "qty": "250.40000000", "quoteQty": "116.41096000", "time": 1692713116147, "isBuyerMaker": false, "isBestMatch": true}, {"id": 38256385, "price": "0.46490000", "qty": "105.60000000", "quoteQty": "49.09344000", "time": 1692713116147, "isBuyerMaker": false, "isBestMatch": true}, {"id": 38256386, "price": "0.46470000", "qty": "290.90000000", "quoteQty": "135.18123000", "time": 1692713126689, "isBuyerMaker": true, "isBestMatch": true}, {"id": 38256387, "price": "0.46470000", "qty": "1059.40000000", "quoteQty": "492.30318000", "time": 1692713126694, "isBuyerMaker": true, "isBestMatch": true}, {"id": 38256388, "price": "0.46480000", "qty": "125.00000000", "quoteQty": "58.10000000", "time": 1692713131050, "isBuyerMaker": false, "isBestMatch": true}, {"id": 38256389, "price": "0.46490000", "qty": "125.00000000", "quoteQty": "58.11250000", "time": 1692713131271, "isBuyerMaker": false, "isBestMatch": true}, {"id": 38256390, "price": "0.46450000", "qty": "47.50000000", "quoteQty": "22.06375000", "time": 1692713155234, "isBuyerMaker": false, "isBestMatch": true}, {"id": 38256391, "price": "0.46450000", "qty": "329.90000000", "quoteQty": "153.23855000", "time": 1692713161189, "isBuyerMaker": true, "isBestMatch": true}, {"id": 38256392, "price": "0.46430000", "qty": "351.00000000", "quoteQty": "162.96930000", "time": 1692713162250, "isBuyerMaker": true, "isBestMatch": true}, {"id": 38256393, "price": "0.46420000", "qty": "235.20000000", "quoteQty": "109.17984000", "time": 1692713163065, "isBuyerMaker": true, "isBestMatch": true}, {"id": 38256394, "price": "0.46420000", "qty": "411.00000000", "quoteQty": "190.78620000", "time": 1692713163068, "isBuyerMaker": true, "isBestMatch": true}, {"id": 38256395, "price": "0.46410000", "qty": "64.50000000", "quoteQty": "29.93445000", "time": 1692713163386, "isBuyerMaker": true, "isBestMatch": true}, {"id": 38256396, "price": "0.46410000", "qty": "0.10000000", "quoteQty": "0.04641000", "time": 1692713163391, "isBuyerMaker": true, "isBestMatch": true}, {"id": 38256397, "price": "0.46420000", "qty": "459.00000000", "quoteQty": "213.06780000", "time": 1692713171091, "isBuyerMaker": false, "isBestMatch": true}, {"id": 38256398, "price": "0.46430000", "qty": "731.40000000", "quoteQty": "339.58902000", "time": 1692713172107, "isBuyerMaker": false, "isBestMatch": true}, {"id": 38256399, "price": "0.46430000", "qty": "383.40000000", "quoteQty": "178.01262000", "time": 1692713172107, "isBuyerMaker": false, "isBestMatch": true}, {"id": 38256400, "price": "0.46430000", "qty": "184.20000000", "quoteQty": "85.52406000", "time": 1692713176708, "isBuyerMaker": false, "isBestMatch": true}, {"id": 38256401, "price": "0.46430000", "qty": "291.80000000", "quoteQty": "135.48274000", "time": 1692713176708, "isBuyerMaker": false, "isBestMatch": true}, {"id": 38256402, "price": "0.46450000", "qty": "104.00000000", "quoteQty": "48.30800000", "time": 1692713176759, "isBuyerMaker": false, "isBestMatch": true}, {"id": 38256403, "price": "0.46450000", "qty": "377.40000000", "quoteQty": "175.30230000", "time": 1692713192685, "isBuyerMaker": false, "isBestMatch": true}, {"id": 38256404, "price": "0.46470000", "qty": "450.00000000", "quoteQty": "209.11500000", "time": 1692713195680, "isBuyerMaker": false, "isBestMatch": true}, {"id": 38256405, "price": "0.46470000", "qty": "350.00000000", "quoteQty": "162.64500000", "time": 1692713195680, "isBuyerMaker": false, "isBestMatch": true}, {"id": 38256406, "price": "0.46470000", "qty": "231.30000000", "quoteQty": "107.48511000", "time": 1692713195681, "isBuyerMaker": false, "isBestMatch": true}, {"id": 38256407, "price": "0.46470000", "qty": "168.70000000", "quoteQty": "78.39489000", "time": 1692713195681, "isBuyerMaker": false, "isBestMatch": true}, {"id": 38256408, "price": "0.46470000", "qty": "377.40000000", "quoteQty": "175.37778000", "time": 1692713195685, "isBuyerMaker": false, "isBestMatch": true}, {"id": 38256409, "price": "0.46470000", "qty": "38.20000000", "quoteQty": "17.75154000", "time": 1692713195686, "isBuyerMaker": false, "isBestMatch": true}, {"id": 38256410, "price": "0.46490000", "qty": "377.40000000", "quoteQty": "175.45326000", "time": 1692713199441, "isBuyerMaker": false, "isBestMatch": true}, {"id": 38256411, "price": "0.46490000", "qty": "250.40000000", "quoteQty": "116.41096000", "time": 1692713199441, "isBuyerMaker": false, "isBestMatch": true}, {"id": 38256412, "price": "0.46500000", "qty": "891.50000000", "quoteQty": "414.54750000", "time": 1692713199441, "isBuyerMaker": false, "isBestMatch": true}, {"id": 38256413, "price": "0.46500000", "qty": "47.40000000", "quoteQty": "22.04100000", "time": 1692713199474, "isBuyerMaker": true, "isBestMatch": true}, {"id": 38256414, "price": "0.46510000", "qty": "50.00000000", "quoteQty": "23.25500000", "time": 1692713199478, "isBuyerMaker": false, "isBestMatch": true}, {"id": 38256415, "price": "0.46490000", "qty": "426.30000000", "quoteQty": "198.18687000", "time": 1692713206883, "isBuyerMaker": true, "isBestMatch": true}, {"id": 38256416, "price": "0.46490000", "qty": "362.00000000", "quoteQty": "168.29380000", "time": 1692713206883, "isBuyerMaker": true, "isBestMatch": true}, {"id": 38256417, "price": "0.46500000", "qty": "45.40000000", "quoteQty": "21.11100000", "time": 1692713219913, "isBuyerMaker": false, "isBestMatch": true}, {"id": 38256418, "price": "0.46500000", "qty": "376.20000000", "quoteQty": "174.93300000", "time": 1692713219913, "isBuyerMaker": false, "isBestMatch": true}, {"id": 38256419, "price": "0.46500000", "qty": "184.50000000", "quoteQty": "85.79250000", "time": 1692713220483, "isBuyerMaker": true, "isBestMatch": true}, {"id": 38256420, "price": "0.46470000", "qty": "355.00000000", "quoteQty": "164.96850000", "time": 1692713240351, "isBuyerMaker": true, "isBestMatch": true}, {"id": 38256421, "price": "0.46450000", "qty": "268.40000000", "quoteQty": "124.67180000", "time": 1692713246387, "isBuyerMaker": true, "isBestMatch": true}, {"id": 38256422, "price": "0.46450000", "qty": "348.00000000", "quoteQty": "161.64600000", "time": 1692713246387, "isBuyerMaker": true, "isBestMatch": true}, {"id": 38256423, "price": "0.46410000", "qty": "168.80000000", "quoteQty": "78.34008000", "time": 1692713303844, "isBuyerMaker": false, "isBestMatch": true}, {"id": 38256424, "price": "0.46410000", "qty": "47.40000000", "quoteQty": "21.99834000", "time": 1692713303844, "isBuyerMaker": false, "isBestMatch": true}, {"id": 38256425, "price": "0.46410000", "qty": "453.40000000", "quoteQty": "210.42294000", "time": 1692713303844, "isBuyerMaker": false, "isBestMatch": true}, {"id": 38256426, "price": "0.46420000", "qty": "195.20000000", "quoteQty": "90.61184000", "time": 1692713360529, "isBuyerMaker": false, "isBestMatch": true}, {"id": 38256427, "price": "0.46390000", "qty": "377.40000000", "quoteQty": "175.07586000", "time": 1692713364364, "isBuyerMaker": true, "isBestMatch": true}, {"id": 38256428, "price": "0.46380000", "qty": "657.50000000", "quoteQty": "304.94850000", "time": 1692713364364, "isBuyerMaker": true, "isBestMatch": true}, {"id": 38256429, "price": "0.46380000", "qty": "342.00000000", "quoteQty": "158.61960000", "time": 1692713364364, "isBuyerMaker": true, "isBestMatch": true}, {"id": 38256430, "price": "0.46370000", "qty": "339.80000000", "quoteQty": "157.56526000", "time": 1692713364424, "isBuyerMaker": true, "isBestMatch": true}, {"id": 38256431, "price": "0.46360000", "qty": "215.60000000", "quoteQty": "99.95216000", "time": 1692713364424, "isBuyerMaker": true, "isBestMatch": true}, {"id": 38256432, "price": "0.46360000", "qty": "1681.70000000", "quoteQty": "779.63612000", "time": 1692713364424, "isBuyerMaker": true, "isBestMatch": true}, {"id": 38256433, "price": "0.46350000", "qty": "719.00000000", "quoteQty": "333.25650000", "time": 1692713364506, "isBuyerMaker": true, "isBestMatch": true}, {"id": 38256434, "price": "0.46350000", "qty": "456.20000000", "quoteQty": "211.44870000", "time": 1692713364506, "isBuyerMaker": true, "isBestMatch": true}, {"id": 38256435, "price": "0.46330000", "qty": "57.20000000", "quoteQty": "26.50076000", "time": 1692713372623, "isBuyerMaker": true, "isBestMatch": true}, {"id": 38256436, "price": "0.46330000", "qty": "7.50000000", "quoteQty": "3.47475000", "time": 1692713375013, "isBuyerMaker": true, "isBestMatch": true}, {"id": 38256437, "price": "0.46310000", "qty": "469.40000000", "quoteQty": "217.37914000", "time": 1692713386923, "isBuyerMaker": false, "isBestMatch": true}, {"id": 38256438, "price": "0.46310000", "qty": "161.10000000", "quoteQty": "74.60541000", "time": 1692713386924, "isBuyerMaker": false, "isBestMatch": true}, {"id": 38256439, "price": "0.46330000", "qty": "689.60000000", "quoteQty": "319.49168000", "time": 1692713390165, "isBuyerMaker": false, "isBestMatch": true}, {"id": 38256440, "price": "0.46320000", "qty": "105.90000000", "quoteQty": "49.05288000", "time": 1692713403596, "isBuyerMaker": true, "isBestMatch": true}, {"id": 38256441, "price": "0.46320000", "qty": "271.50000000", "quoteQty": "125.75880000", "time": 1692713403597, "isBuyerMaker": true, "isBestMatch": true}, {"id": 38256442, "price": "0.46320000", "qty": "250.40000000", "quoteQty": "115.98528000", "time": 1692713403597, "isBuyerMaker": true, "isBestMatch": true}, {"id": 38256443, "price": "0.46320000", "qty": "469.00000000", "quoteQty": "217.24080000", "time": 1692713411415, "isBuyerMaker": false, "isBestMatch": true}, {"id": 38256444, "price": "0.46340000", "qty": "140.00000000", "quoteQty": "64.87600000", "time": 1692713411447, "isBuyerMaker": false, "isBestMatch": true}, {"id": 38256445, "price": "0.46340000", "qty": "93.00000000", "quoteQty": "43.09620000", "time": 1692713411451, "isBuyerMaker": false, "isBestMatch": true}, {"id": 38256446, "price": "0.46340000", "qty": "93.00000000", "quoteQty": "43.09620000", "time": 1692713411451, "isBuyerMaker": false, "isBestMatch": true}, {"id": 38256447, "price": "0.46340000", "qty": "93.00000000", "quoteQty": "43.09620000", "time": 1692713411452, "isBuyerMaker": false, "isBestMatch": true}, {"id": 38256448, "price": "0.46340000", "qty": "93.00000000", "quoteQty": "43.09620000", "time": 1692713411453, "isBuyerMaker": false, "isBestMatch": true}, {"id": 38256449, "price": "0.46340000", "qty": "139.50000000", "quoteQty": "64.64430000", "time": 1692713411454, "isBuyerMaker": false, "isBestMatch": true}, {"id": 38256450, "price": "0.46350000", "qty": "0.50000000", "quoteQty": "0.23175000", "time": 1692713411454, "isBuyerMaker": false, "isBestMatch": true}, {"id": 38256451, "price": "0.46350000", "qty": "93.00000000", "quoteQty": "43.10550000", "time": 1692713411454, "isBuyerMaker": false, "isBestMatch": true}, {"id": 38256452, "price": "0.46350000", "qty": "93.00000000", "quoteQty": "43.10550000", "time": 1692713411464, "isBuyerMaker": false, "isBestMatch": true}, {"id": 38256453, "price": "0.46340000", "qty": "460.00000000", "quoteQty": "213.16400000", "time": 1692713415242, "isBuyerMaker": false, "isBestMatch": true}, {"id": 38256454, "price": "0.46360000", "qty": "533.90000000", "quoteQty": "247.51604000", "time": 1692713416450, "isBuyerMaker": false, "isBestMatch": true}, {"id": 38256455, "price": "0.46360000", "qty": "999.10000000", "quoteQty": "463.18276000", "time": 1692713416450, "isBuyerMaker": false, "isBestMatch": true}, {"id": 38256456, "price": "0.46360000", "qty": "154.00000000", "quoteQty": "71.39440000", "time": 1692713416450, "isBuyerMaker": false, "isBestMatch": true}, {"id": 38256457, "price": "0.46370000", "qty": "646.00000000", "quoteQty": "299.55020000", "time": 1692713416450, "isBuyerMaker": false, "isBestMatch": true}, {"id": 38256458, "price": "0.46370000", "qty": "11.50000000", "quoteQty": "5.33255000", "time": 1692713416450, "isBuyerMaker": false, "isBestMatch": true}, {"id": 38256459, "price": "0.46370000", "qty": "788.50000000", "quoteQty": "365.62745000", "time": 1692713416450, "isBuyerMaker": false, "isBestMatch": true}, {"id": 38256460, "price": "0.46350000", "qty": "47.50000000", "quoteQty": "22.01625000", "time": 1692713436190, "isBuyerMaker": true, "isBestMatch": true}, {"id": 38256461, "price": "0.46290000", "qty": "648.00000000", "quoteQty": "299.95920000", "time": 1692713444090, "isBuyerMaker": true, "isBestMatch": true}, {"id": 38256462, "price": "0.46280000", "qty": "64.80000000", "quoteQty": "29.98944000", "time": 1692713444099, "isBuyerMaker": true, "isBestMatch": true}, {"id": 38256463, "price": "0.46280000", "qty": "70.40000000", "quoteQty": "32.58112000", "time": 1692713444099, "isBuyerMaker": true, "isBestMatch": true}, {"id": 38256464, "price": "0.46270000", "qty": "329.90000000", "quoteQty": "152.64473000", "time": 1692713452265, "isBuyerMaker": false, "isBestMatch": true}, {"id": 38256465, "price": "0.46290000", "qty": "250.40000000", "quoteQty": "115.91016000", "time": 1692713453337, "isBuyerMaker": true, "isBestMatch": true}, {"id": 38256466, "price": "0.46290000", "qty": "47.50000000", "quoteQty": "21.98775000", "time": 1692713453337, "isBuyerMaker": true, "isBestMatch": true}, {"id": 38256467, "price": "0.46290000", "qty": "442.50000000", "quoteQty": "204.83325000", "time": 1692713453337, "isBuyerMaker": true, "isBestMatch": true}, {"id": 38256468, "price": "0.46290000", "qty": "192.60000000", "quoteQty": "89.15454000", "time": 1692713453337, "isBuyerMaker": true, "isBestMatch": true}, {"id": 38256469, "price": "0.46290000", "qty": "161.40000000", "quoteQty": "74.71206000", "time": 1692713453338, "isBuyerMaker": true, "isBestMatch": true}, {"id": 38256470, "price": "0.46290000", "qty": "283.90000000", "quoteQty": "131.41731000", "time": 1692713453339, "isBuyerMaker": true, "isBestMatch": true}, {"id": 38256471, "price": "0.46310000", "qty": "125.00000000", "quoteQty": "57.88750000", "time": 1692713467075, "isBuyerMaker": false, "isBestMatch": true}, {"id": 38256472, "price": "0.46300000", "qty": "1223.90000000", "quoteQty": "566.66570000", "time": 1692713471392, "isBuyerMaker": true, "isBestMatch": true}, {"id": 38256473, "price": "0.46310000", "qty": "256.40000000", "quoteQty": "118.73884000", "time": 1692713473625, "isBuyerMaker": false, "isBestMatch": true}, {"id": 38256474, "price": "0.46310000", "qty": "68.60000000", "quoteQty": "31.76866000", "time": 1692713473632, "isBuyerMaker": false, "isBestMatch": true}, {"id": 38256475, "price": "0.46310000", "qty": "642.10000000", "quoteQty": "297.35651000", "time": 1692713473632, "isBuyerMaker": false, "isBestMatch": true}, {"id": 38256476, "price": "0.46330000", "qty": "539.70000000", "quoteQty": "250.04301000", "time": 1692713487394, "isBuyerMaker": false, "isBestMatch": true}, {"id": 38256477, "price": "0.46330000", "qty": "323.30000000", "quoteQty": "149.78489000", "time": 1692713487394, "isBuyerMaker": false, "isBestMatch": true}, {"id": 38256478, "price": "0.46320000", "qty": "522.10000000", "quoteQty": "241.83672000", "time": 1692713491923, "isBuyerMaker": false, "isBestMatch": true}, {"id": 38256479, "price": "0.46330000", "qty": "340.90000000", "quoteQty": "157.93897000", "time": 1692713491923, "isBuyerMaker": false, "isBestMatch": true}, {"id": 38256480, "price": "0.46350000", "qty": "863.00000000", "quoteQty": "400.00050000", "time": 1692713493710, "isBuyerMaker": false, "isBestMatch": true}, {"id": 38256481, "price": "0.46370000", "qty": "863.00000000", "quoteQty": "400.17310000", "time": 1692713499784, "isBuyerMaker": false, "isBestMatch": true}, {"id": 38256482, "price": "0.46360000", "qty": "250.40000000", "quoteQty": "116.08544000", "time": 1692713506051, "isBuyerMaker": false, "isBestMatch": true}, {"id": 38256483, "price": "0.46350000", "qty": "441.00000000", "quoteQty": "204.40350000", "time": 1692713516743, "isBuyerMaker": false, "isBestMatch": true}, {"id": 38256484, "price": "0.46390000", "qty": "426.30000000", "quoteQty": "197.76057000", "time": 1692713545828, "isBuyerMaker": false, "isBestMatch": true}, {"id": 38256485, "price": "0.46390000", "qty": "259.70000000", "quoteQty": "120.47483000", "time": 1692713545828, "isBuyerMaker": false, "isBestMatch": true}, {"id": 38256486, "price": "0.46390000", "qty": "386.90000000", "quoteQty": "179.48291000", "time": 1692713545831, "isBuyerMaker": false, "isBestMatch": true}, {"id": 38256487, "price": "0.46400000", "qty": "64.50000000", "quoteQty": "29.92800000", "time": 1692713545852, "isBuyerMaker": false, "isBestMatch": true}, {"id": 38256488, "price": "0.46410000", "qty": "914.20000000", "quoteQty": "424.28022000", "time": 1692713550867, "isBuyerMaker": false, "isBestMatch": true}, {"id": 38256489, "price": "0.46410000", "qty": "151.90000000", "quoteQty": "70.49679000", "time": 1692713550871, "isBuyerMaker": false, "isBestMatch": true}, {"id": 38256490, "price": "0.46410000", "qty": "103.80000000", "quoteQty": "48.17358000", "time": 1692713550874, "isBuyerMaker": false, "isBestMatch": true}, {"id": 38256491, "price": "0.46410000", "qty": "331.30000000", "quoteQty": "153.75633000", "time": 1692713550874, "isBuyerMaker": false, "isBestMatch": true}, {"id": 38256492, "price": "0.46420000", "qty": "377.40000000", "quoteQty": "175.18908000", "time": 1692713562170, "isBuyerMaker": true, "isBestMatch": true}, {"id": 38256493, "price": "0.46420000", "qty": "212.40000000", "quoteQty": "98.59608000", "time": 1692713562173, "isBuyerMaker": true, "isBestMatch": true}, {"id": 38256494, "price": "0.46420000", "qty": "508.10000000", "quoteQty": "235.86002000", "time": 1692713562173, "isBuyerMaker": true, "isBestMatch": true}, {"id": 38256495, "price": "0.46430000", "qty": "336.00000000", "quoteQty": "156.00480000", "time": 1692713576817, "isBuyerMaker": false, "isBestMatch": true}, {"id": 38256496, "price": "0.46430000", "qty": "377.40000000", "quoteQty": "175.22682000", "time": 1692713576821, "isBuyerMaker": false, "isBestMatch": true}, {"id": 38256497, "price": "0.46430000", "qty": "4.40000000", "quoteQty": "2.04292000", "time": 1692713576822, "isBuyerMaker": false, "isBestMatch": true}, {"id": 38256498, "price": "0.46430000", "qty": "504.10000000", "quoteQty": "234.05363000", "time": 1692713584443, "isBuyerMaker": false, "isBestMatch": true}, {"id": 38256499, "price": "0.46430000", "qty": "1203.80000000", "quoteQty": "558.92434000", "time": 1692713584443, "isBuyerMaker": false, "isBestMatch": true}, {"id": 38256500, "price": "0.46450000", "qty": "63.30000000", "quoteQty": "29.40285000", "time": 1692713585170, "isBuyerMaker": true, "isBestMatch": true}, {"id": 38256501, "price": "0.46440000", "qty": "504.00000000", "quoteQty": "234.05760000", "time": 1692713595349, "isBuyerMaker": true, "isBestMatch": true}, {"id": 38256502, "price": "0.46460000", "qty": "141.30000000", "quoteQty": "65.64798000", "time": 1692713597185, "isBuyerMaker": false, "isBestMatch": true}, {"id": 38256503, "price": "0.46460000", "qty": "123.50000000", "quoteQty": "57.37810000", "time": 1692713597188, "isBuyerMaker": false, "isBestMatch": true}, {"id": 38256504, "price": "0.46460000", "qty": "906.10000000", "quoteQty": "420.97406000", "time": 1692713612630, "isBuyerMaker": true, "isBestMatch": true}, {"id": 38256505, "price": "0.46460000", "qty": "377.40000000", "quoteQty": "175.34004000", "time": 1692713612718, "isBuyerMaker": true, "isBestMatch": true}, {"id": 38256506, "price": "0.46460000", "qty": "250.40000000", "quoteQty": "116.33584000", "time": 1692713612719, "isBuyerMaker": true, "isBestMatch": true}, {"id": 38256507, "price": "0.46460000", "qty": "1829.80000000", "quoteQty": "850.12508000", "time": 1692713624800, "isBuyerMaker": true, "isBestMatch": true}, {"id": 38256508, "price": "0.46460000", "qty": "370.00000000", "quoteQty": "171.90200000", "time": 1692713624800, "isBuyerMaker": true, "isBestMatch": true}, {"id": 38256509, "price": "0.46460000", "qty": "703.60000000", "quoteQty": "326.89256000", "time": 1692713624800, "isBuyerMaker": true, "isBestMatch": true}, {"id": 38256510, "price": "0.46460000", "qty": "92.40000000", "quoteQty": "42.92904000", "time": 1692713624808, "isBuyerMaker": true, "isBestMatch": true}, {"id": 38256511, "price": "0.46440000", "qty": "47.60000000", "quoteQty": "22.10544000", "time": 1692713626726, "isBuyerMaker": false, "isBestMatch": true}, {"id": 38256512, "price": "0.46440000", "qty": "2.40000000", "quoteQty": "1.11456000", "time": 1692713626726, "isBuyerMaker": false, "isBestMatch": true}, {"id": 38256513, "price": "0.46450000", "qty": "94.80000000", "quoteQty": "44.03460000", "time": 1692713644069, "isBuyerMaker": false, "isBestMatch": true}, {"id": 38256514, "price": "0.46460000", "qty": "38.70000000", "quoteQty": "17.98002000", "time": 1692713649006, "isBuyerMaker": true, "isBestMatch": true}, {"id": 38256515, "price": "0.46460000", "qty": "363.00000000", "quoteQty": "168.64980000", "time": 1692713649210, "isBuyerMaker": true, "isBestMatch": true}, {"id": 38256516, "price": "0.46460000", "qty": "42.80000000", "quoteQty": "19.88488000", "time": 1692713672729, "isBuyerMaker": true, "isBestMatch": true}, {"id": 38256517, "price": "0.46460000", "qty": "400.00000000", "quoteQty": "185.84000000", "time": 1692713683501, "isBuyerMaker": true, "isBestMatch": true}, {"id": 38256518, "price": "0.46460000", "qty": "692.30000000", "quoteQty": "321.64258000", "time": 1692713683501, "isBuyerMaker": true, "isBestMatch": true}, {"id": 38256519, "price": "0.46460000", "qty": "569.10000000", "quoteQty": "264.40386000", "time": 1692713683501, "isBuyerMaker": true, "isBestMatch": true}, {"id": 38256520, "price": "0.46430000", "qty": "356.00000000", "quoteQty": "165.29080000", "time": 1692713695620, "isBuyerMaker": true, "isBestMatch": true}, {"id": 38256521, "price": "0.46430000", "qty": "199.40000000", "quoteQty": "92.58142000", "time": 1692713706786, "isBuyerMaker": false, "isBestMatch": true}, {"id": 38256522, "price": "0.46450000", "qty": "39.00000000", "quoteQty": "18.11550000", "time": 1692713706825, "isBuyerMaker": false, "isBestMatch": true}, {"id": 38256523, "price": "0.46460000", "qty": "39.00000000", "quoteQty": "18.11940000", "time": 1692713706864, "isBuyerMaker": false, "isBestMatch": true}, {"id": 38256524, "price": "0.46490000", "qty": "133.70000000", "quoteQty": "62.15713000", "time": 1692713759508, "isBuyerMaker": false, "isBestMatch": true}, {"id": 38256525, "price": "0.46500000", "qty": "152.00000000", "quoteQty": "70.68000000", "time": 1692713759514, "isBuyerMaker": false, "isBestMatch": true}, {"id": 38256526, "price": "0.46510000", "qty": "152.00000000", "quoteQty": "70.69520000", "time": 1692713759517, "isBuyerMaker": false, "isBestMatch": true}, {"id": 38256527, "price": "0.46510000", "qty": "152.00000000", "quoteQty": "70.69520000", "time": 1692713759522, "isBuyerMaker": false, "isBestMatch": true}, {"id": 38256528, "price": "0.46500000", "qty": "71.20000000", "quoteQty": "33.10800000", "time": 1692713759826, "isBuyerMaker": true, "isBestMatch": true}, {"id": 38256529, "price": "0.46500000", "qty": "939.80000000", "quoteQty": "437.00700000", "time": 1692713768041, "isBuyerMaker": true, "isBestMatch": true}, {"id": 38256530, "price": "0.46500000", "qty": "695.10000000", "quoteQty": "323.22150000", "time": 1692713768041, "isBuyerMaker": true, "isBestMatch": true}, {"id": 38256531, "price": "0.46500000", "qty": "30.90000000", "quoteQty": "14.36850000", "time": 1692713790078, "isBuyerMaker": true, "isBestMatch": true}, {"id": 38256532, "price": "0.46490000", "qty": "276.00000000", "quoteQty": "128.31240000", "time": 1692713819018, "isBuyerMaker": true, "isBestMatch": true}, {"id": 38256533, "price": "0.46490000", "qty": "72.00000000", "quoteQty": "33.47280000", "time": 1692713819022, "isBuyerMaker": true, "isBestMatch": true}, {"id": 38256534, "price": "0.46470000", "qty": "55.20000000", "quoteQty": "25.65144000", "time": 1692713819937, "isBuyerMaker": true, "isBestMatch": true}, {"id": 38256535, "price": "0.46470000", "qty": "286.80000000", "quoteQty": "133.27596000", "time": 1692713820051, "isBuyerMaker": true, "isBestMatch": true}, {"id": 38256536, "price": "0.46450000", "qty": "335.00000000", "quoteQty": "155.60750000", "time": 1692713824481, "isBuyerMaker": true, "isBestMatch": true}, {"id": 38256537, "price": "0.46420000", "qty": "781.30000000", "quoteQty": "362.67946000", "time": 1692713827893, "isBuyerMaker": true, "isBestMatch": true}, {"id": 38256538, "price": "0.46420000", "qty": "394.00000000", "quoteQty": "182.89480000", "time": 1692713827920, "isBuyerMaker": true, "isBestMatch": true}, {"id": 38256539, "price": "0.46420000", "qty": "328.00000000", "quoteQty": "152.25760000", "time": 1692713827920, "isBuyerMaker": true, "isBestMatch": true}, {"id": 38256540, "price": "0.46410000", "qty": "340.00000000", "quoteQty": "157.79400000", "time": 1692713839918, "isBuyerMaker": false, "isBestMatch": true}, {"id": 38256541, "price": "0.46360000", "qty": "31.00000000", "quoteQty": "14.37160000", "time": 1692713850715, "isBuyerMaker": true, "isBestMatch": true}, {"id": 38256542, "price": "0.46360000", "qty": "31.00000000", "quoteQty": "14.37160000", "time": 1692713857024, "isBuyerMaker": true, "isBestMatch": true}, {"id": 38256543, "price": "0.46360000", "qty": "31.00000000", "quoteQty": "14.37160000", "time": 1692713858387, "isBuyerMaker": true, "isBestMatch": true}, {"id": 38256544, "price": "0.46360000", "qty": "37.40000000", "quoteQty": "17.33864000", "time": 1692713859621, "isBuyerMaker": true, "isBestMatch": true}, {"id": 38256545, "price": "0.46360000", "qty": "377.40000000", "quoteQty": "174.96264000", "time": 1692713865072, "isBuyerMaker": false, "isBestMatch": true}, {"id": 38256546, "price": "0.46370000", "qty": "481.00000000", "quoteQty": "223.03970000", "time": 1692713879683, "isBuyerMaker": false, "isBestMatch": true}, {"id": 38256547, "price": "0.46380000", "qty": "377.40000000", "quoteQty": "175.03812000", "time": 1692713893075, "isBuyerMaker": false, "isBestMatch": true}, {"id": 38256548, "price": "0.46380000", "qty": "267.70000000", "quoteQty": "124.15926000", "time": 1692713893075, "isBuyerMaker": false, "isBestMatch": true}, {"id": 38256549, "price": "0.46400000", "qty": "377.40000000", "quoteQty": "175.11360000", "time": 1692713922384, "isBuyerMaker": false, "isBestMatch": true}, {"id": 38256550, "price": "0.46400000", "qty": "94.60000000", "quoteQty": "43.89440000", "time": 1692713922388, "isBuyerMaker": false, "isBestMatch": true}, {"id": 38256551, "price": "0.46400000", "qty": "514.60000000", "quoteQty": "238.77440000", "time": 1692713922388, "isBuyerMaker": false, "isBestMatch": true}, {"id": 38256552, "price": "0.46410000", "qty": "293.00000000", "quoteQty": "135.98130000", "time": 1692713925163, "isBuyerMaker": false, "isBestMatch": true}, {"id": 38256553, "price": "0.46410000", "qty": "251.70000000", "quoteQty": "116.81397000", "time": 1692713925165, "isBuyerMaker": false, "isBestMatch": true}, {"id": 38256554, "price": "0.46420000", "qty": "41.30000000", "quoteQty": "19.17146000", "time": 1692713925165, "isBuyerMaker": false, "isBestMatch": true}, {"id": 38256555, "price": "0.46420000", "qty": "293.00000000", "quoteQty": "136.01060000", "time": 1692713925165, "isBuyerMaker": false, "isBestMatch": true}, {"id": 38256556, "price": "0.46420000", "qty": "462.00000000", "quoteQty": "214.46040000", "time": 1692713941349, "isBuyerMaker": false, "isBestMatch": true}, {"id": 38256557, "price": "0.46440000", "qty": "138.00000000", "quoteQty": "64.08720000", "time": 1692713941481, "isBuyerMaker": false, "isBestMatch": true}, {"id": 38256558, "price": "0.46450000", "qty": "453.00000000", "quoteQty": "210.41850000", "time": 1692713950696, "isBuyerMaker": false, "isBestMatch": true}, {"id": 38256559, "price": "0.46460000", "qty": "88.00000000", "quoteQty": "40.88480000", "time": 1692713952786, "isBuyerMaker": false, "isBestMatch": true}, {"id": 38256560, "price": "0.46460000", "qty": "294.40000000", "quoteQty": "136.77824000", "time": 1692713952803, "isBuyerMaker": false, "isBestMatch": true}, {"id": 38256561, "price": "0.46460000", "qty": "61.60000000", "quoteQty": "28.61936000", "time": 1692713952833, "isBuyerMaker": false, "isBestMatch": true}, {"id": 38256562, "price": "0.46480000", "qty": "26.40000000", "quoteQty": "12.27072000", "time": 1692713952833, "isBuyerMaker": false, "isBestMatch": true}, {"id": 38256563, "price": "0.46480000", "qty": "71.00000000", "quoteQty": "33.00080000", "time": 1692713952834, "isBuyerMaker": false, "isBestMatch": true}, {"id": 38256564, "price": "0.46470000", "qty": "377.40000000", "quoteQty": "175.37778000", "time": 1692713956663, "isBuyerMaker": true, "isBestMatch": true}, {"id": 38256565, "price": "0.46470000", "qty": "62.60000000", "quoteQty": "29.09022000", "time": 1692713956680, "isBuyerMaker": true, "isBestMatch": true}, {"id": 38256566, "price": "0.46460000", "qty": "1.80000000", "quoteQty": "0.83628000", "time": 1692713956680, "isBuyerMaker": true, "isBestMatch": true}, {"id": 38256567, "price": "0.46460000", "qty": "90.30000000", "quoteQty": "41.95338000", "time": 1692713956685, "isBuyerMaker": true, "isBestMatch": true}, {"id": 38256568, "price": "0.46450000", "qty": "175.00000000", "quoteQty": "81.28750000", "time": 1692713988458, "isBuyerMaker": false, "isBestMatch": true}, {"id": 38256569, "price": "0.46450000", "qty": "117.00000000", "quoteQty": "54.34650000", "time": 1692713988461, "isBuyerMaker": false, "isBestMatch": true}, {"id": 38256570, "price": "0.46450000", "qty": "293.20000000", "quoteQty": "136.19140000", "time": 1692713988461, "isBuyerMaker": false, "isBestMatch": true}, {"id": 38256571, "price": "0.46460000", "qty": "117.00000000", "quoteQty": "54.35820000", "time": 1692713988467, "isBuyerMaker": false, "isBestMatch": true}, {"id": 38256572, "price": "0.46460000", "qty": "318.00000000", "quoteQty": "147.74280000", "time": 1692713994367, "isBuyerMaker": false, "isBestMatch": true}, {"id": 38256573, "price": "0.46470000", "qty": "82.00000000", "quoteQty": "38.10540000", "time": 1692713994367, "isBuyerMaker": false, "isBestMatch": true}, {"id": 38256574, "price": "0.46470000", "qty": "295.40000000", "quoteQty": "137.27238000", "time": 1692713994368, "isBuyerMaker": false, "isBestMatch": true}, {"id": 38256575, "price": "0.46470000", "qty": "250.40000000", "quoteQty": "116.36088000", "time": 1692713994368, "isBuyerMaker": false, "isBestMatch": true}, {"id": 38256576, "price": "0.46470000", "qty": "497.00000000", "quoteQty": "230.95590000", "time": 1692713994368, "isBuyerMaker": false, "isBestMatch": true}, {"id": 38256577, "price": "0.46470000", "qty": "954.00000000", "quoteQty": "443.32380000", "time": 1692713994368, "isBuyerMaker": false, "isBestMatch": true}, {"id": 38256578, "price": "0.46470000", "qty": "657.50000000", "quoteQty": "305.54025000", "time": 1692713994368, "isBuyerMaker": false, "isBestMatch": true}, {"id": 38256579, "price": "0.46480000", "qty": "63.00000000", "quoteQty": "29.28240000", "time": 1692713994376, "isBuyerMaker": false, "isBestMatch": true}, {"id": 38256580, "price": "0.46480000", "qty": "95.00000000", "quoteQty": "44.15600000", "time": 1692713994376, "isBuyerMaker": false, "isBestMatch": true}, {"id": 38256581, "price": "0.46480000", "qty": "95.00000000", "quoteQty": "44.15600000", "time": 1692713994378, "isBuyerMaker": false, "isBestMatch": true}, {"id": 38256582, "price": "0.46480000", "qty": "63.00000000", "quoteQty": "29.28240000", "time": 1692713994382, "isBuyerMaker": false, "isBestMatch": true}, {"id": 38256583, "price": "0.46490000", "qty": "117.00000000", "quoteQty": "54.39330000", "time": 1692713994416, "isBuyerMaker": false, "isBestMatch": true}, {"id": 38256584, "price": "0.46470000", "qty": "69.80000000", "quoteQty": "32.43606000", "time": 1692714014170, "isBuyerMaker": false, "isBestMatch": true}, {"id": 38256585, "price": "0.46450000", "qty": "215.30000000", "quoteQty": "100.00685000", "time": 1692714020676, "isBuyerMaker": true, "isBestMatch": true}, {"id": 38256586, "price": "0.46450000", "qty": "211.00000000", "quoteQty": "98.00950000", "time": 1692714020678, "isBuyerMaker": true, "isBestMatch": true}, {"id": 38256587, "price": "0.46450000", "qty": "877.40000000", "quoteQty": "407.55230000", "time": 1692714020678, "isBuyerMaker": true, "isBestMatch": true}, {"id": 38256588, "price": "0.46450000", "qty": "290.10000000", "quoteQty": "134.75145000", "time": 1692714020732, "isBuyerMaker": true, "isBestMatch": true}, {"id": 38256589, "price": "0.46450000", "qty": "86.90000000", "quoteQty": "40.36505000", "time": 1692714020736, "isBuyerMaker": true, "isBestMatch": true}, {"id": 38256590, "price": "0.46440000", "qty": "124.90000000", "quoteQty": "58.00356000", "time": 1692714021757, "isBuyerMaker": true, "isBestMatch": true}, {"id": 38256591, "price": "0.46430000", "qty": "437.50000000", "quoteQty": "203.13125000", "time": 1692714025319, "isBuyerMaker": true, "isBestMatch": true}, {"id": 38256592, "price": "0.46430000", "qty": "648.40000000", "quoteQty": "301.05212000", "time": 1692714025319, "isBuyerMaker": true, "isBestMatch": true}, {"id": 38256593, "price": "0.46420000", "qty": "287.70000000", "quoteQty": "133.55034000", "time": 1692714025319, "isBuyerMaker": true, "isBestMatch": true}, {"id": 38256594, "price": "0.46420000", "qty": "443.40000000", "quoteQty": "205.82628000", "time": 1692714032377, "isBuyerMaker": true, "isBestMatch": true}, {"id": 38256595, "price": "0.46420000", "qty": "339.10000000", "quoteQty": "157.41022000", "time": 1692714032380, "isBuyerMaker": true, "isBestMatch": true}, {"id": 38256596, "price": "0.46420000", "qty": "10.20000000", "quoteQty": "4.73484000", "time": 1692714032390, "isBuyerMaker": true, "isBestMatch": true}, {"id": 38256597, "price": "0.46420000", "qty": "445.90000000", "quoteQty": "206.98678000", "time": 1692714032390, "isBuyerMaker": true, "isBestMatch": true}, {"id": 38256598, "price": "0.46430000", "qty": "619.80000000", "quoteQty": "287.77314000", "time": 1692714041694, "isBuyerMaker": false, "isBestMatch": true}, {"id": 38256599, "price": "0.46440000", "qty": "102.40000000", "quoteQty": "47.55456000", "time": 1692714042171, "isBuyerMaker": false, "isBestMatch": true}, {"id": 38256600, "price": "0.46440000", "qty": "972.90000000", "quoteQty": "451.81476000", "time": 1692714064287, "isBuyerMaker": false, "isBestMatch": true}, {"id": 38256601, "price": "0.46460000", "qty": "229.10000000", "quoteQty": "106.43986000", "time": 1692714064680, "isBuyerMaker": false, "isBestMatch": true}, {"id": 38256602, "price": "0.46460000", "qty": "202.90000000", "quoteQty": "94.26734000", "time": 1692714066763, "isBuyerMaker": false, "isBestMatch": true}, {"id": 38256603, "price": "0.46480000", "qty": "423.00000000", "quoteQty": "196.61040000", "time": 1692714069057, "isBuyerMaker": false, "isBestMatch": true}, {"id": 38256604, "price": "0.46500000", "qty": "60.00000000", "quoteQty": "27.90000000", "time": 1692714069193, "isBuyerMaker": false, "isBestMatch": true}, {"id": 38256605, "price": "0.46500000", "qty": "40.00000000", "quoteQty": "18.60000000", "time": 1692714069234, "isBuyerMaker": false, "isBestMatch": true}, {"id": 38256606, "price": "0.46510000", "qty": "604.50000000", "quoteQty": "281.15295000", "time": 1692714075158, "isBuyerMaker": false, "isBestMatch": true}, {"id": 38256607, "price": "0.46510000", "qty": "377.40000000", "quoteQty": "175.52874000", "time": 1692714075170, "isBuyerMaker": true, "isBestMatch": true}, {"id": 38256608, "price": "0.46510000", "qty": "108.70000000", "quoteQty": "50.55637000", "time": 1692714075222, "isBuyerMaker": true, "isBestMatch": true}, {"id": 38256609, "price": "0.46520000", "qty": "294.80000000", "quoteQty": "137.14096000", "time": 1692714095104, "isBuyerMaker": false, "isBestMatch": true}, {"id": 38256610, "price": "0.46520000", "qty": "120.20000000", "quoteQty": "55.91704000", "time": 1692714095105, "isBuyerMaker": false, "isBestMatch": true}, {"id": 38256611, "price": "0.46510000", "qty": "463.30000000", "quoteQty": "215.48083000", "time": 1692714114073, "isBuyerMaker": true, "isBestMatch": true}, {"id": 38256612, "price": "0.46510000", "qty": "377.40000000", "quoteQty": "175.52874000", "time": 1692714114077, "isBuyerMaker": true, "isBestMatch": true}, {"id": 38256613, "price": "0.46510000", "qty": "257.00000000", "quoteQty": "119.53070000", "time": 1692714114077, "isBuyerMaker": true, "isBestMatch": true}, {"id": 38256614, "price": "0.46500000", "qty": "427.70000000", "quoteQty": "198.88050000", "time": 1692714114189, "isBuyerMaker": true, "isBestMatch": true}, {"id": 38256615, "price": "0.46490000", "qty": "64.50000000", "quoteQty": "29.98605000", "time": 1692714116647, "isBuyerMaker": true, "isBestMatch": true}, {"id": 38256616, "price": "0.46490000", "qty": "499.20000000", "quoteQty": "232.07808000", "time": 1692714116647, "isBuyerMaker": true, "isBestMatch": true}, {"id": 38256617, "price": "0.46470000", "qty": "169.20000000", "quoteQty": "78.62724000", "time": 1692714120173, "isBuyerMaker": true, "isBestMatch": true}, {"id": 38256618, "price": "0.46480000", "qty": "400.00000000", "quoteQty": "185.92000000", "time": 1692714121633, "isBuyerMaker": false, "isBestMatch": true}, {"id": 38256619, "price": "0.46490000", "qty": "181.00000000", "quoteQty": "84.14690000", "time": 1692714121646, "isBuyerMaker": false, "isBestMatch": true}, {"id": 38256620, "price": "0.46480000", "qty": "34.60000000", "quoteQty": "16.08208000", "time": 1692714129979, "isBuyerMaker": false, "isBestMatch": true}, {"id": 38256621, "price": "0.46490000", "qty": "375.00000000", "quoteQty": "174.33750000", "time": 1692714135474, "isBuyerMaker": false, "isBestMatch": true}, {"id": 38256622, "price": "0.46490000", "qty": "44.00000000", "quoteQty": "20.45560000", "time": 1692714135904, "isBuyerMaker": false, "isBestMatch": true}, {"id": 38256623, "price": "0.46490000", "qty": "176.90000000", "quoteQty": "82.24081000", "time": 1692714135904, "isBuyerMaker": false, "isBestMatch": true}, {"id": 38256624, "price": "0.46490000", "qty": "163.50000000", "quoteQty": "76.01115000", "time": 1692714136545, "isBuyerMaker": false, "isBestMatch": true}, {"id": 38256625, "price": "0.46490000", "qty": "163.20000000", "quoteQty": "75.87168000", "time": 1692714136722, "isBuyerMaker": false, "isBestMatch": true}, {"id": 38256626, "price": "0.46500000", "qty": "549.90000000", "quoteQty": "255.70350000", "time": 1692714151919, "isBuyerMaker": true, "isBestMatch": true}, {"id": 38256627, "price": "0.46480000", "qty": "392.00000000", "quoteQty": "182.20160000", "time": 1692714177469, "isBuyerMaker": true, "isBestMatch": true}, {"id": 38256628, "price": "0.46460000", "qty": "385.00000000", "quoteQty": "178.87100000", "time": 1692714188078, "isBuyerMaker": true, "isBestMatch": true}, {"id": 38256629, "price": "0.46450000", "qty": "439.40000000", "quoteQty": "204.10130000", "time": 1692714188665, "isBuyerMaker": true, "isBestMatch": true}, {"id": 38256630, "price": "0.46440000", "qty": "377.40000000", "quoteQty": "175.26456000", "time": 1692714191627, "isBuyerMaker": false, "isBestMatch": true}, {"id": 38256631, "price": "0.46440000", "qty": "566.50000000", "quoteQty": "263.08260000", "time": 1692714205343, "isBuyerMaker": false, "isBestMatch": true}, {"id": 38256632, "price": "0.46440000", "qty": "657.30000000", "quoteQty": "305.25012000", "time": 1692714205351, "isBuyerMaker": false, "isBestMatch": true}, {"id": 38256633, "price": "0.46460000", "qty": "298.90000000", "quoteQty": "138.86894000", "time": 1692714215470, "isBuyerMaker": false, "isBestMatch": true}, {"id": 38256634, "price": "0.46460000", "qty": "377.40000000", "quoteQty": "175.34004000", "time": 1692714247553, "isBuyerMaker": false, "isBestMatch": true}, {"id": 38256635, "price": "0.46490000", "qty": "425.00000000", "quoteQty": "197.58250000", "time": 1692714252713, "isBuyerMaker": false, "isBestMatch": true}, {"id": 38256636, "price": "0.46490000", "qty": "634.80000000", "quoteQty": "295.11852000", "time": 1692714252713, "isBuyerMaker": false, "isBestMatch": true}, {"id": 38256637, "price": "0.46490000", "qty": "117.00000000", "quoteQty": "54.39330000", "time": 1692714256553, "isBuyerMaker": true, "isBestMatch": true}, {"id": 38256638, "price": "0.46450000", "qty": "400.00000000", "quoteQty": "185.80000000", "time": 1692714283942, "isBuyerMaker": true, "isBestMatch": true}, {"id": 38256639, "price": "0.46450000", "qty": "64.80000000", "quoteQty": "30.09960000", "time": 1692714283942, "isBuyerMaker": true, "isBestMatch": true}, {"id": 38256640, "price": "0.46450000", "qty": "735.20000000", "quoteQty": "341.50040000", "time": 1692714283945, "isBuyerMaker": true, "isBestMatch": true}, {"id": 38256641, "price": "0.46440000", "qty": "535.20000000", "quoteQty": "248.54688000", "time": 1692714300282, "isBuyerMaker": false, "isBestMatch": true}, {"id": 38256642, "price": "0.46470000", "qty": "499.30000000", "quoteQty": "232.02471000", "time": 1692714314411, "isBuyerMaker": false, "isBestMatch": true}, {"id": 38256643, "price": "0.46500000", "qty": "417.00000000", "quoteQty": "193.90500000", "time": 1692714320163, "isBuyerMaker": false, "isBestMatch": true}, {"id": 38256644, "price": "0.46470000", "qty": "250.40000000", "quoteQty": "116.36088000", "time": 1692714341053, "isBuyerMaker": true, "isBestMatch": true}, {"id": 38256645, "price": "0.46460000", "qty": "241.40000000", "quoteQty": "112.15444000", "time": 1692714341290, "isBuyerMaker": true, "isBestMatch": true}, {"id": 38256646, "price": "0.46440000", "qty": "395.00000000", "quoteQty": "183.43800000", "time": 1692714350007, "isBuyerMaker": true, "isBestMatch": true}, {"id": 38256647, "price": "0.46430000", "qty": "114.00000000", "quoteQty": "52.93020000", "time": 1692714366796, "isBuyerMaker": false, "isBestMatch": true}, {"id": 38256648, "price": "0.46430000", "qty": "32.90000000", "quoteQty": "15.27547000", "time": 1692714369533, "isBuyerMaker": true, "isBestMatch": true}, {"id": 38256649, "price": "0.46430000", "qty": "604.70000000", "quoteQty": "280.76221000", "time": 1692714369533, "isBuyerMaker": true, "isBestMatch": true}, {"id": 38256650, "price": "0.46430000", "qty": "137.00000000", "quoteQty": "63.60910000", "time": 1692714374199, "isBuyerMaker": false, "isBestMatch": true}, {"id": 38256651, "price": "0.46430000", "qty": "31.00000000", "quoteQty": "14.39330000", "time": 1692714394128, "isBuyerMaker": true, "isBestMatch": true}, {"id": 38256652, "price": "0.46420000", "qty": "64.60000000", "quoteQty": "29.98732000", "time": 1692714394759, "isBuyerMaker": true, "isBestMatch": true}, {"id": 38256653, "price": "0.46420000", "qty": "387.00000000", "quoteQty": "179.64540000", "time": 1692714394759, "isBuyerMaker": true, "isBestMatch": true}, {"id": 38256654, "price": "0.46410000", "qty": "915.50000000", "quoteQty": "424.88355000", "time": 1692714394759, "isBuyerMaker": true, "isBestMatch": true}, {"id": 38256655, "price": "0.46410000", "qty": "213.60000000", "quoteQty": "99.13176000", "time": 1692714394759, "isBuyerMaker": true, "isBestMatch": true}, {"id": 38256656, "price": "0.46430000", "qty": "92.00000000", "quoteQty": "42.71560000", "time": 1692714397393, "isBuyerMaker": false, "isBestMatch": true}, {"id": 38256657, "price": "0.46410000", "qty": "657.50000000", "quoteQty": "305.14575000", "time": 1692714405569, "isBuyerMaker": true, "isBestMatch": true}, {"id": 38256658, "price": "0.46390000", "qty": "511.40000000", "quoteQty": "237.23846000", "time": 1692714410032, "isBuyerMaker": false, "isBestMatch": true}, {"id": 38256659, "price": "0.46390000", "qty": "486.10000000", "quoteQty": "225.50179000", "time": 1692714410032, "isBuyerMaker": false, "isBestMatch": true}, {"id": 38256660, "price": "0.46400000", "qty": "336.00000000", "quoteQty": "155.90400000", "time": 1692714410108, "isBuyerMaker": false, "isBestMatch": true}, {"id": 38256661, "price": "0.46390000", "qty": "219.10000000", "quoteQty": "101.64049000", "time": 1692714411150, "isBuyerMaker": true, "isBestMatch": true}, {"id": 38256662, "price": "0.46390000", "qty": "1906.00000000", "quoteQty": "884.19340000", "time": 1692714411150, "isBuyerMaker": true, "isBestMatch": true}, {"id": 38256663, "price": "0.46390000", "qty": "12.70000000", "quoteQty": "5.89153000", "time": 1692714411150, "isBuyerMaker": true, "isBestMatch": true}, {"id": 38256664, "price": "0.46390000", "qty": "787.00000000", "quoteQty": "365.08930000", "time": 1692714411151, "isBuyerMaker": true, "isBestMatch": true}, {"id": 38256665, "price": "0.46390000", "qty": "0.30000000", "quoteQty": "0.13917000", "time": 1692714411152, "isBuyerMaker": true, "isBestMatch": true}, {"id": 38256666, "price": "0.46390000", "qty": "219.40000000", "quoteQty": "101.77966000", "time": 1692714411152, "isBuyerMaker": true, "isBestMatch": true}, {"id": 38256667, "price": "0.46390000", "qty": "418.00000000", "quoteQty": "193.91020000", "time": 1692714411570, "isBuyerMaker": false, "isBestMatch": true}, {"id": 38256668, "price": "0.46400000", "qty": "125.00000000", "quoteQty": "58.00000000", "time": 1692714411572, "isBuyerMaker": false, "isBestMatch": true}, {"id": 38256669, "price": "0.46380000", "qty": "936.10000000", "quoteQty": "434.16318000", "time": 1692714411849, "isBuyerMaker": true, "isBestMatch": true}, {"id": 38256670, "price": "0.46380000", "qty": "618.60000000", "quoteQty": "286.90668000", "time": 1692714411849, "isBuyerMaker": true, "isBestMatch": true}, {"id": 38256671, "price": "0.46380000", "qty": "470.30000000", "quoteQty": "218.12514000", "time": 1692714411849, "isBuyerMaker": true, "isBestMatch": true}, {"id": 38256672, "price": "0.46370000", "qty": "136.00000000", "quoteQty": "63.06320000", "time": 1692714411872, "isBuyerMaker": true, "isBestMatch": true}, {"id": 38256673, "price": "0.46370000", "qty": "47.40000000", "quoteQty": "21.97938000", "time": 1692714411909, "isBuyerMaker": false, "isBestMatch": true}, {"id": 38256674, "price": "0.46380000", "qty": "172.00000000", "quoteQty": "79.77360000", "time": 1692714419454, "isBuyerMaker": false, "isBestMatch": true}, {"id": 38256675, "price": "0.46380000", "qty": "78.40000000", "quoteQty": "36.36192000", "time": 1692714419470, "isBuyerMaker": false, "isBestMatch": true}, {"id": 38256676, "price": "0.46380000", "qty": "620.50000000", "quoteQty": "287.78790000", "time": 1692714423142, "isBuyerMaker": false, "isBestMatch": true}, {"id": 38256677, "price": "0.46390000", "qty": "784.60000000", "quoteQty": "363.97594000", "time": 1692714423155, "isBuyerMaker": false, "isBestMatch": true}, {"id": 38256678, "price": "0.46400000", "qty": "188.00000000", "quoteQty": "87.23200000", "time": 1692714423187, "isBuyerMaker": false, "isBestMatch": true}, {"id": 38256679, "price": "0.46400000", "qty": "189.40000000", "quoteQty": "87.88160000", "time": 1692714425874, "isBuyerMaker": false, "isBestMatch": true}, {"id": 38256680, "price": "0.46400000", "qty": "12.60000000", "quoteQty": "5.84640000", "time": 1692714425874, "isBuyerMaker": false, "isBestMatch": true}, {"id": 38256681, "price": "0.46400000", "qty": "1118.70000000", "quoteQty": "519.07680000", "time": 1692714425878, "isBuyerMaker": false, "isBestMatch": true}, {"id": 38256682, "price": "0.46420000", "qty": "37.00000000", "quoteQty": "17.17540000", "time": 1692714429803, "isBuyerMaker": false, "isBestMatch": true}, {"id": 38256683, "price": "0.46420000", "qty": "377.40000000", "quoteQty": "175.18908000", "time": 1692714442513, "isBuyerMaker": false, "isBestMatch": true}, {"id": 38256684, "price": "0.46420000", "qty": "1655.20000000", "quoteQty": "768.34384000", "time": 1692714442513, "isBuyerMaker": false, "isBestMatch": true}, {"id": 38256685, "price": "0.46430000", "qty": "150.00000000", "quoteQty": "69.64500000", "time": 1692714459455, "isBuyerMaker": true, "isBestMatch": true}, {"id": 38256686, "price": "0.46410000", "qty": "621.90000000", "quoteQty": "288.62379000", "time": 1692714464640, "isBuyerMaker": true, "isBestMatch": true}, {"id": 38256687, "price": "0.46400000", "qty": "1118.40000000", "quoteQty": "518.93760000", "time": 1692714464717, "isBuyerMaker": true, "isBestMatch": true}, {"id": 38256688, "price": "0.46400000", "qty": "363.50000000", "quoteQty": "168.66400000", "time": 1692714464721, "isBuyerMaker": true, "isBestMatch": true}, {"id": 38256689, "price": "0.46390000", "qty": "145.10000000", "quoteQty": "67.31189000", "time": 1692714472600, "isBuyerMaker": true, "isBestMatch": true}, {"id": 38256690, "price": "0.46390000", "qty": "635.20000000", "quoteQty": "294.66928000", "time": 1692714472600, "isBuyerMaker": true, "isBestMatch": true}, {"id": 38256691, "price": "0.46390000", "qty": "541.20000000", "quoteQty": "251.06268000", "time": 1692714472600, "isBuyerMaker": true, "isBestMatch": true}, {"id": 38256692, "price": "0.46390000", "qty": "867.40000000", "quoteQty": "402.38686000", "time": 1692714472600, "isBuyerMaker": true, "isBestMatch": true}, {"id": 38256693, "price": "0.46390000", "qty": "921.20000000", "quoteQty": "427.34468000", "time": 1692714472600, "isBuyerMaker": true, "isBestMatch": true}, {"id": 38256694, "price": "0.46390000", "qty": "691.40000000", "quoteQty": "320.74046000", "time": 1692714472600, "isBuyerMaker": true, "isBestMatch": true}, {"id": 38256695, "price": "0.46390000", "qty": "274.00000000", "quoteQty": "127.10860000", "time": 1692714472600, "isBuyerMaker": true, "isBestMatch": true}, {"id": 38256696, "price": "0.46390000", "qty": "409.00000000", "quoteQty": "189.73510000", "time": 1692714479161, "isBuyerMaker": false, "isBestMatch": true}, {"id": 38256697, "price": "0.46380000", "qty": "400.00000000", "quoteQty": "185.52000000", "time": 1692714502500, "isBuyerMaker": false, "isBestMatch": true}, {"id": 38256698, "price": "0.46380000", "qty": "1591.90000000", "quoteQty": "738.32322000", "time": 1692714502502, "isBuyerMaker": false, "isBestMatch": true}, {"id": 38256699, "price": "0.46380000", "qty": "166.10000000", "quoteQty": "77.03718000", "time": 1692714502503, "isBuyerMaker": false, "isBestMatch": true}, {"id": 38256700, "price": "0.46380000", "qty": "211.30000000", "quoteQty": "98.00094000", "time": 1692714502503, "isBuyerMaker": false, "isBestMatch": true}, {"id": 38256701, "price": "0.46380000", "qty": "189.70000000", "quoteQty": "87.98286000", "time": 1692714502504, "isBuyerMaker": false, "isBestMatch": true}, {"id": 38256702, "price": "0.46390000", "qty": "657.50000000", "quoteQty": "305.01425000", "time": 1692714502506, "isBuyerMaker": false, "isBestMatch": true}, {"id": 38256703, "price": "0.46390000", "qty": "287.50000000", "quoteQty": "133.37125000", "time": 1692714502506, "isBuyerMaker": false, "isBestMatch": true}, {"id": 38256704, "price": "0.46390000", "qty": "212.50000000", "quoteQty": "98.57875000", "time": 1692714502507, "isBuyerMaker": false, "isBestMatch": true}, {"id": 38256705, "price": "0.46390000", "qty": "550.80000000", "quoteQty": "255.51612000", "time": 1692714502507, "isBuyerMaker": false, "isBestMatch": true}, {"id": 38256706, "price": "0.46400000", "qty": "181.70000000", "quoteQty": "84.30880000", "time": 1692714502507, "isBuyerMaker": false, "isBestMatch": true}, {"id": 38256707, "price": "0.46400000", "qty": "33.00000000", "quoteQty": "15.31200000", "time": 1692714502511, "isBuyerMaker": false, "isBestMatch": true}, {"id": 38256708, "price": "0.46400000", "qty": "406.00000000", "quoteQty": "188.38400000", "time": 1692714502511, "isBuyerMaker": false, "isBestMatch": true}, {"id": 38256709, "price": "0.46380000", "qty": "377.40000000", "quoteQty": "175.03812000", "time": 1692714532732, "isBuyerMaker": true, "isBestMatch": true}, {"id": 38256710, "price": "0.46390000", "qty": "393.00000000", "quoteQty": "182.31270000", "time": 1692714539586, "isBuyerMaker": false, "isBestMatch": true}, {"id": 38256711, "price": "0.46410000", "qty": "47.00000000", "quoteQty": "21.81270000", "time": 1692714539636, "isBuyerMaker": false, "isBestMatch": true}, {"id": 38256712, "price": "0.46410000", "qty": "379.30000000", "quoteQty": "176.03313000", "time": 1692714539641, "isBuyerMaker": false, "isBestMatch": true}, {"id": 38256713, "price": "0.46420000", "qty": "78.00000000", "quoteQty": "36.20760000", "time": 1692714539653, "isBuyerMaker": false, "isBestMatch": true}, {"id": 38256714, "price": "0.46410000", "qty": "47.50000000", "quoteQty": "22.04475000", "time": 1692714539659, "isBuyerMaker": true, "isBestMatch": true}, {"id": 38256715, "price": "0.46410000", "qty": "116.30000000", "quoteQty": "53.97483000", "time": 1692714539659, "isBuyerMaker": true, "isBestMatch": true}, {"id": 38256716, "price": "0.46420000", "qty": "47.50000000", "quoteQty": "22.04950000", "time": 1692714539716, "isBuyerMaker": true, "isBestMatch": true}, {"id": 38256717, "price": "0.46410000", "qty": "328.20000000", "quoteQty": "152.31762000", "time": 1692714539721, "isBuyerMaker": true, "isBestMatch": true}, {"id": 38256718, "price": "0.46410000", "qty": "736.80000000", "quoteQty": "341.94888000", "time": 1692714539968, "isBuyerMaker": false, "isBestMatch": true}, {"id": 38256719, "price": "0.46410000", "qty": "657.50000000", "quoteQty": "305.14575000", "time": 1692714539968, "isBuyerMaker": false, "isBestMatch": true}, {"id": 38256720, "price": "0.46410000", "qty": "732.60000000", "quoteQty": "339.99966000", "time": 1692714539968, "isBuyerMaker": false, "isBestMatch": true}, {"id": 38256721, "price": "0.46410000", "qty": "491.30000000", "quoteQty": "228.01233000", "time": 1692714539968, "isBuyerMaker": false, "isBestMatch": true}, {"id": 38256722, "price": "0.46360000", "qty": "510.20000000", "quoteQty": "236.52872000", "time": 1692714586558, "isBuyerMaker": false, "isBestMatch": true}, {"id": 38256723, "price": "0.46360000", "qty": "47.50000000", "quoteQty": "22.02100000", "time": 1692714586589, "isBuyerMaker": false, "isBestMatch": true}, {"id": 38256724, "price": "0.46360000", "qty": "1599.90000000", "quoteQty": "741.71364000", "time": 1692714586718, "isBuyerMaker": false, "isBestMatch": true}, {"id": 38256725, "price": "0.46370000", "qty": "157.90000000", "quoteQty": "73.21823000", "time": 1692714586724, "isBuyerMaker": false, "isBestMatch": true}, {"id": 38256726, "price": "0.46380000", "qty": "657.50000000", "quoteQty": "304.94850000", "time": 1692714586724, "isBuyerMaker": false, "isBestMatch": true}, {"id": 38256727, "price": "0.46380000", "qty": "101.60000000", "quoteQty": "47.12208000", "time": 1692714586724, "isBuyerMaker": false, "isBestMatch": true}, {"id": 38256728, "price": "0.46380000", "qty": "93.00000000", "quoteQty": "43.13340000", "time": 1692714586745, "isBuyerMaker": false, "isBestMatch": true}, {"id": 38256729, "price": "0.46380000", "qty": "112.00000000", "quoteQty": "51.94560000", "time": 1692714586746, "isBuyerMaker": false, "isBestMatch": true}, {"id": 38256730, "price": "0.46390000", "qty": "116.00000000", "quoteQty": "53.81240000", "time": 1692714586746, "isBuyerMaker": false, "isBestMatch": true}, {"id": 38256731, "price": "0.46390000", "qty": "562.70000000", "quoteQty": "261.03653000", "time": 1692714586776, "isBuyerMaker": false, "isBestMatch": true}, {"id": 38256732, "price": "0.46390000", "qty": "354.30000000", "quoteQty": "164.35977000", "time": 1692714586776, "isBuyerMaker": false, "isBestMatch": true}, {"id": 38256733, "price": "0.46360000", "qty": "419.00000000", "quoteQty": "194.24840000", "time": 1692714637227, "isBuyerMaker": true, "isBestMatch": true}, {"id": 38256734, "price": "0.46350000", "qty": "43.10000000", "quoteQty": "19.97685000", "time": 1692714640998, "isBuyerMaker": true, "isBestMatch": true}, {"id": 38256735, "price": "0.46350000", "qty": "647.20000000", "quoteQty": "299.97720000", "time": 1692714640998, "isBuyerMaker": true, "isBestMatch": true}, {"id": 38256736, "price": "0.46350000", "qty": "302.70000000", "quoteQty": "140.30145000", "time": 1692714640998, "isBuyerMaker": true, "isBestMatch": true}, {"id": 38256737, "price": "0.46350000", "qty": "107.30000000", "quoteQty": "49.73355000", "time": 1692714641553, "isBuyerMaker": true, "isBestMatch": true}, {"id": 38256738, "price": "0.46350000", "qty": "291.30000000", "quoteQty": "135.01755000", "time": 1692714646632, "isBuyerMaker": false, "isBestMatch": true}, {"id": 38256739, "price": "0.46350000", "qty": "86.10000000", "quoteQty": "39.90735000", "time": 1692714646681, "isBuyerMaker": false, "isBestMatch": true}, {"id": 38256740, "price": "0.46350000", "qty": "47.50000000", "quoteQty": "22.01625000", "time": 1692714646681, "isBuyerMaker": false, "isBestMatch": true}, {"id": 38256741, "price": "0.46350000", "qty": "147.70000000", "quoteQty": "68.45895000", "time": 1692714646681, "isBuyerMaker": false, "isBestMatch": true}, {"id": 38256742, "price": "0.46340000", "qty": "402.00000000", "quoteQty": "186.28680000", "time": 1692714649862, "isBuyerMaker": true, "isBestMatch": true}, {"id": 38256743, "price": "0.46340000", "qty": "72.00000000", "quoteQty": "33.36480000", "time": 1692714649862, "isBuyerMaker": true, "isBestMatch": true}, {"id": 38256744, "price": "0.46340000", "qty": "250.40000000", "quoteQty": "116.03536000", "time": 1692714656290, "isBuyerMaker": false, "isBestMatch": true}, {"id": 38256745, "price": "0.46340000", "qty": "808.60000000", "quoteQty": "374.70524000", "time": 1692714656290, "isBuyerMaker": false, "isBestMatch": true}, {"id": 38256746, "price": "0.46340000", "qty": "605.70000000", "quoteQty": "280.68138000", "time": 1692714656290, "isBuyerMaker": false, "isBestMatch": true}, {"id": 38256747, "price": "0.46340000", "qty": "763.60000000", "quoteQty": "353.85224000", "time": 1692714656300, "isBuyerMaker": false, "isBestMatch": true}, {"id": 38256748, "price": "0.46340000", "qty": "39.40000000", "quoteQty": "18.25796000", "time": 1692714671376, "isBuyerMaker": true, "isBestMatch": true}, {"id": 38256749, "price": "0.46330000", "qty": "437.00000000", "quoteQty": "202.46210000", "time": 1692714673461, "isBuyerMaker": true, "isBestMatch": true}, {"id": 38256750, "price": "0.46330000", "qty": "170.00000000", "quoteQty": "78.76100000", "time": 1692714687931, "isBuyerMaker": false, "isBestMatch": true}, {"id": 38256751, "price": "0.46310000", "qty": "719.70000000", "quoteQty": "333.29307000", "time": 1692714698567, "isBuyerMaker": true, "isBestMatch": true}, {"id": 38256752, "price": "0.46310000", "qty": "262.80000000", "quoteQty": "121.70268000", "time": 1692714698567, "isBuyerMaker": true, "isBestMatch": true}, {"id": 38256753, "price": "0.46310000", "qty": "335.40000000", "quoteQty": "155.32374000", "time": 1692714698570, "isBuyerMaker": true, "isBestMatch": true}, {"id": 38256754, "price": "0.46310000", "qty": "174.20000000", "quoteQty": "80.67202000", "time": 1692714698570, "isBuyerMaker": true, "isBestMatch": true}, {"id": 38256755, "price": "0.46310000", "qty": "242.10000000", "quoteQty": "112.11651000", "time": 1692714698570, "isBuyerMaker": true, "isBestMatch": true}, {"id": 38256756, "price": "0.46310000", "qty": "1121.10000000", "quoteQty": "519.18141000", "time": 1692714698593, "isBuyerMaker": true, "isBestMatch": true}, {"id": 38256757, "price": "0.46300000", "qty": "250.40000000", "quoteQty": "115.93520000", "time": 1692714698836, "isBuyerMaker": false, "isBestMatch": true}, {"id": 38256758, "price": "0.46310000", "qty": "106.00000000", "quoteQty": "49.08860000", "time": 1692714700661, "isBuyerMaker": false, "isBestMatch": true}, {"id": 38256759, "price": "0.46310000", "qty": "659.30000000", "quoteQty": "305.32183000", "time": 1692714700891, "isBuyerMaker": false, "isBestMatch": true}