[{"id": 38295353, "price": "0.48130000", "qty": "27.40000000", "quoteQty": "13.18762000", "time": 1692841096065, "isBuyerMaker": false, "isBestMatch": true}, {"id": 38295354, "price": "0.48130000", "qty": "543.30000000", "quoteQty": "261.49029000", "time": 1692841096065, "isBuyerMaker": false, "isBestMatch": true}, {"id": 38295355, "price": "0.48120000", "qty": "624.90000000", "quoteQty": "300.70188000", "time": 1692841096099, "isBuyerMaker": true, "isBestMatch": true}, {"id": 38295356, "price": "0.48120000", "qty": "250.30000000", "quoteQty": "120.44436000", "time": 1692841096099, "isBuyerMaker": true, "isBestMatch": true}, {"id": 38295357, "price": "0.48120000", "qty": "0.10000000", "quoteQty": "0.04812000", "time": 1692841096144, "isBuyerMaker": true, "isBestMatch": true}, {"id": 38295358, "price": "0.48120000", "qty": "26.10000000", "quoteQty": "12.55932000", "time": 1692841096144, "isBuyerMaker": true, "isBestMatch": true}, {"id": 38295359, "price": "0.48120000", "qty": "785.60000000", "quoteQty": "378.03072000", "time": 1692841096144, "isBuyerMaker": true, "isBestMatch": true}, {"id": 38295360, "price": "0.48120000", "qty": "0.10000000", "quoteQty": "0.04812000", "time": 1692841096174, "isBuyerMaker": true, "isBestMatch": true}, {"id": 38295361, "price": "0.48120000", "qty": "591.50000000", "quoteQty": "284.62980000", "time": 1692841096174, "isBuyerMaker": true, "isBestMatch": true}, {"id": 38295362, "price": "0.48120000", "qty": "629.20000000", "quoteQty": "302.77104000", "time": 1692841096197, "isBuyerMaker": true, "isBestMatch": true}, {"id": 38295363, "price": "0.48110000", "qty": "26.00000000", "quoteQty": "12.50860000", "time": 1692841097869, "isBuyerMaker": true, "isBestMatch": true}, {"id": 38295364, "price": "0.48110000", "qty": "590.00000000", "quoteQty": "283.84900000", "time": 1692841097869, "isBuyerMaker": true, "isBestMatch": true}, {"id": 38295365, "price": "0.48110000", "qty": "1276.70000000", "quoteQty": "614.22037000", "time": 1692841097869, "isBuyerMaker": true, "isBestMatch": true}, {"id": 38295366, "price": "0.48110000", "qty": "490.00000000", "quoteQty": "235.73900000", "time": 1692841097869, "isBuyerMaker": true, "isBestMatch": true}, {"id": 38295367, "price": "0.48110000", "qty": "455.00000000", "quoteQty": "218.90050000", "time": 1692841097869, "isBuyerMaker": true, "isBestMatch": true}, {"id": 38295368, "price": "0.48110000", "qty": "449.00000000", "quoteQty": "216.01390000", "time": 1692841097869, "isBuyerMaker": true, "isBestMatch": true}, {"id": 38295369, "price": "0.48120000", "qty": "1135.30000000", "quoteQty": "546.30636000", "time": 1692841103381, "isBuyerMaker": false, "isBestMatch": true}, {"id": 38295370, "price": "0.48110000", "qty": "826.10000000", "quoteQty": "397.43671000", "time": 1692841105867, "isBuyerMaker": true, "isBestMatch": true}, {"id": 38295371, "price": "0.48100000", "qty": "207.80000000", "quoteQty": "99.95180000", "time": 1692841105867, "isBuyerMaker": true, "isBestMatch": true}, {"id": 38295372, "price": "0.48110000", "qty": "112.00000000", "quoteQty": "53.88320000", "time": 1692841105997, "isBuyerMaker": true, "isBestMatch": true}, {"id": 38295373, "price": "0.48130000", "qty": "621.60000000", "quoteQty": "299.17608000", "time": 1692841145430, "isBuyerMaker": false, "isBestMatch": true}, {"id": 38295374, "price": "0.48130000", "qty": "1087.30000000", "quoteQty": "523.31749000", "time": 1692841145430, "isBuyerMaker": false, "isBestMatch": true}, {"id": 38295375, "price": "0.48140000", "qty": "217.90000000", "quoteQty": "104.89706000", "time": 1692841145430, "isBuyerMaker": false, "isBestMatch": true}, {"id": 38295376, "price": "0.48120000", "qty": "174.10000000", "quoteQty": "83.77692000", "time": 1692841145454, "isBuyerMaker": true, "isBestMatch": true}, {"id": 38295377, "price": "0.48120000", "qty": "1185.00000000", "quoteQty": "570.22200000", "time": 1692841153359, "isBuyerMaker": true, "isBestMatch": true}, {"id": 38295378, "price": "0.48120000", "qty": "930.50000000", "quoteQty": "447.75660000", "time": 1692841162190, "isBuyerMaker": true, "isBestMatch": true}, {"id": 38295379, "price": "0.48120000", "qty": "1003.00000000", "quoteQty": "482.64360000", "time": 1692841173622, "isBuyerMaker": true, "isBestMatch": true}, {"id": 38295380, "price": "0.48110000", "qty": "37.20000000", "quoteQty": "17.89692000", "time": 1692841173656, "isBuyerMaker": true, "isBestMatch": true}, {"id": 38295381, "price": "0.48120000", "qty": "45.00000000", "quoteQty": "21.65400000", "time": 1692841190560, "isBuyerMaker": false, "isBestMatch": true}, {"id": 38295382, "price": "0.48110000", "qty": "4223.80000000", "quoteQty": "2032.07018000", "time": 1692841218002, "isBuyerMaker": true, "isBestMatch": true}, {"id": 38295383, "price": "0.48110000", "qty": "95.20000000", "quoteQty": "45.80072000", "time": 1692841218002, "isBuyerMaker": true, "isBestMatch": true}, {"id": 38295384, "price": "0.48110000", "qty": "357.50000000", "quoteQty": "171.99325000", "time": 1692841218002, "isBuyerMaker": true, "isBestMatch": true}, {"id": 38295385, "price": "0.48100000", "qty": "963.00000000", "quoteQty": "463.20300000", "time": 1692841218015, "isBuyerMaker": true, "isBestMatch": true}, {"id": 38295386, "price": "0.48080000", "qty": "1289.30000000", "quoteQty": "619.89544000", "time": 1692841232643, "isBuyerMaker": true, "isBestMatch": true}, {"id": 38295387, "price": "0.48080000", "qty": "250.30000000", "quoteQty": "120.34424000", "time": 1692841232646, "isBuyerMaker": true, "isBestMatch": true}, {"id": 38295388, "price": "0.48080000", "qty": "1013.90000000", "quoteQty": "487.48312000", "time": 1692841232647, "isBuyerMaker": true, "isBestMatch": true}, {"id": 38295389, "price": "0.48080000", "qty": "246.80000000", "quoteQty": "118.66144000", "time": 1692841232651, "isBuyerMaker": true, "isBestMatch": true}, {"id": 38295390, "price": "0.48080000", "qty": "783.80000000", "quoteQty": "376.85104000", "time": 1692841232651, "isBuyerMaker": true, "isBestMatch": true}, {"id": 38295391, "price": "0.48080000", "qty": "139.00000000", "quoteQty": "66.83120000", "time": 1692841232659, "isBuyerMaker": true, "isBestMatch": true}, {"id": 38295392, "price": "0.48080000", "qty": "3565.80000000", "quoteQty": "1714.43664000", "time": 1692841232809, "isBuyerMaker": true, "isBestMatch": true}, {"id": 38295393, "price": "0.48080000", "qty": "258.90000000", "quoteQty": "124.47912000", "time": 1692841232816, "isBuyerMaker": true, "isBestMatch": true}, {"id": 38295394, "price": "0.48080000", "qty": "1412.70000000", "quoteQty": "679.22616000", "time": 1692841232819, "isBuyerMaker": true, "isBestMatch": true}, {"id": 38295395, "price": "0.48080000", "qty": "199.20000000", "quoteQty": "95.77536000", "time": 1692841232819, "isBuyerMaker": true, "isBestMatch": true}, {"id": 38295396, "price": "0.48080000", "qty": "1036.70000000", "quoteQty": "498.44536000", "time": 1692841232879, "isBuyerMaker": true, "isBestMatch": true}, {"id": 38295397, "price": "0.48080000", "qty": "317.60000000", "quoteQty": "152.70208000", "time": 1692841250454, "isBuyerMaker": true, "isBestMatch": true}, {"id": 38295398, "price": "0.48080000", "qty": "4029.50000000", "quoteQty": "1937.38360000", "time": 1692841250455, "isBuyerMaker": true, "isBestMatch": true}, {"id": 38295399, "price": "0.48080000", "qty": "23.30000000", "quoteQty": "11.20264000", "time": 1692841250455, "isBuyerMaker": true, "isBestMatch": true}, {"id": 38295400, "price": "0.48070000", "qty": "89.90000000", "quoteQty": "43.21493000", "time": 1692841269746, "isBuyerMaker": false, "isBestMatch": true}, {"id": 38295401, "price": "0.48080000", "qty": "174.90000000", "quoteQty": "84.09192000", "time": 1692841280694, "isBuyerMaker": false, "isBestMatch": true}, {"id": 38295402, "price": "0.48070000", "qty": "291.20000000", "quoteQty": "139.97984000", "time": 1692841293620, "isBuyerMaker": true, "isBestMatch": true}, {"id": 38295403, "price": "0.48070000", "qty": "565.00000000", "quoteQty": "271.59550000", "time": 1692841328527, "isBuyerMaker": true, "isBestMatch": true}, {"id": 38295404, "price": "0.48080000", "qty": "74.40000000", "quoteQty": "35.77152000", "time": 1692841349616, "isBuyerMaker": false, "isBestMatch": true}, {"id": 38295405, "price": "0.48080000", "qty": "30.00000000", "quoteQty": "14.42400000", "time": 1692841358448, "isBuyerMaker": false, "isBestMatch": true}, {"id": 38295406, "price": "0.48080000", "qty": "520.50000000", "quoteQty": "250.25640000", "time": 1692841364974, "isBuyerMaker": false, "isBestMatch": true}, {"id": 38295407, "price": "0.48080000", "qty": "810.80000000", "quoteQty": "389.83264000", "time": 1692841364974, "isBuyerMaker": false, "isBestMatch": true}, {"id": 38295408, "price": "0.48090000", "qty": "623.80000000", "quoteQty": "299.98542000", "time": 1692841371948, "isBuyerMaker": false, "isBestMatch": true}, {"id": 38295409, "price": "0.48070000", "qty": "925.00000000", "quoteQty": "444.64750000", "time": 1692841383757, "isBuyerMaker": true, "isBestMatch": true}, {"id": 38295410, "price": "0.48070000", "qty": "427.80000000", "quoteQty": "205.64346000", "time": 1692841383757, "isBuyerMaker": true, "isBestMatch": true}, {"id": 38295411, "price": "0.48070000", "qty": "37.10000000", "quoteQty": "17.83397000", "time": 1692841383759, "isBuyerMaker": true, "isBestMatch": true}, {"id": 38295412, "price": "0.48070000", "qty": "1133.80000000", "quoteQty": "545.01766000", "time": 1692841383759, "isBuyerMaker": true, "isBestMatch": true}, {"id": 38295413, "price": "0.48070000", "qty": "429.10000000", "quoteQty": "206.26837000", "time": 1692841383759, "isBuyerMaker": true, "isBestMatch": true}, {"id": 38295414, "price": "0.48060000", "qty": "1535.00000000", "quoteQty": "737.72100000", "time": 1692841383784, "isBuyerMaker": true, "isBestMatch": true}, {"id": 38295415, "price": "0.48060000", "qty": "998.00000000", "quoteQty": "479.63880000", "time": 1692841383792, "isBuyerMaker": true, "isBestMatch": true}, {"id": 38295416, "price": "0.48060000", "qty": "665.00000000", "quoteQty": "319.59900000", "time": 1692841383793, "isBuyerMaker": true, "isBestMatch": true}, {"id": 38295417, "price": "0.48060000", "qty": "665.00000000", "quoteQty": "319.59900000", "time": 1692841383795, "isBuyerMaker": true, "isBestMatch": true}, {"id": 38295418, "price": "0.48060000", "qty": "271.00000000", "quoteQty": "130.24260000", "time": 1692841383798, "isBuyerMaker": true, "isBestMatch": true}, {"id": 38295419, "price": "0.48060000", "qty": "1052.50000000", "quoteQty": "505.83150000", "time": 1692841383798, "isBuyerMaker": true, "isBestMatch": true}, {"id": 38295420, "price": "0.48060000", "qty": "4197.10000000", "quoteQty": "2017.12626000", "time": 1692841418322, "isBuyerMaker": true, "isBestMatch": true}, {"id": 38295421, "price": "0.48060000", "qty": "472.50000000", "quoteQty": "227.08350000", "time": 1692841418323, "isBuyerMaker": true, "isBestMatch": true}, {"id": 38295422, "price": "0.48060000", "qty": "304.70000000", "quoteQty": "146.43882000", "time": 1692841418325, "isBuyerMaker": true, "isBestMatch": true}, {"id": 38295423, "price": "0.48060000", "qty": "470.50000000", "quoteQty": "226.12230000", "time": 1692841418329, "isBuyerMaker": true, "isBestMatch": true}, {"id": 38295424, "price": "0.48060000", "qty": "1185.70000000", "quoteQty": "569.84742000", "time": 1692841418334, "isBuyerMaker": true, "isBestMatch": true}, {"id": 38295425, "price": "0.48060000", "qty": "1702.10000000", "quoteQty": "818.02926000", "time": 1692841418338, "isBuyerMaker": true, "isBestMatch": true}, {"id": 38295426, "price": "0.48060000", "qty": "1148.70000000", "quoteQty": "552.06522000", "time": 1692841418341, "isBuyerMaker": true, "isBestMatch": true}, {"id": 38295427, "price": "0.48060000", "qty": "233.80000000", "quoteQty": "112.36428000", "time": 1692841418341, "isBuyerMaker": true, "isBestMatch": true}, {"id": 38295428, "price": "0.48060000", "qty": "2448.40000000", "quoteQty": "1176.70104000", "time": 1692841418358, "isBuyerMaker": true, "isBestMatch": true}, {"id": 38295429, "price": "0.48050000", "qty": "23.10000000", "quoteQty": "11.09955000", "time": 1692841498699, "isBuyerMaker": false, "isBestMatch": true}, {"id": 38295430, "price": "0.48050000", "qty": "780.50000000", "quoteQty": "375.03025000", "time": 1692841506089, "isBuyerMaker": false, "isBestMatch": true}, {"id": 38295431, "price": "0.48050000", "qty": "34.10000000", "quoteQty": "16.38505000", "time": 1692841558973, "isBuyerMaker": false, "isBestMatch": true}, {"id": 38295432, "price": "0.48050000", "qty": "359.40000000", "quoteQty": "172.69170000", "time": 1692841562311, "isBuyerMaker": false, "isBestMatch": true}, {"id": 38295433, "price": "0.48050000", "qty": "625.70000000", "quoteQty": "300.64885000", "time": 1692841613892, "isBuyerMaker": true, "isBestMatch": true}, {"id": 38295434, "price": "0.48050000", "qty": "1338.70000000", "quoteQty": "643.24535000", "time": 1692841613892, "isBuyerMaker": true, "isBestMatch": true}, {"id": 38295435, "price": "0.48050000", "qty": "950.00000000", "quoteQty": "456.47500000", "time": 1692841613892, "isBuyerMaker": true, "isBestMatch": true}, {"id": 38295436, "price": "0.48040000", "qty": "1301.30000000", "quoteQty": "625.14452000", "time": 1692841613892, "isBuyerMaker": true, "isBestMatch": true}, {"id": 38295437, "price": "0.48040000", "qty": "126.70000000", "quoteQty": "60.86668000", "time": 1692841613892, "isBuyerMaker": true, "isBestMatch": true}, {"id": 38295438, "price": "0.48040000", "qty": "689.00000000", "quoteQty": "330.99560000", "time": 1692841688801, "isBuyerMaker": false, "isBestMatch": true}, {"id": 38295439, "price": "0.48000000", "qty": "460.30000000", "quoteQty": "220.94400000", "time": 1692841754447, "isBuyerMaker": true, "isBestMatch": true}, {"id": 38295440, "price": "0.48000000", "qty": "572.70000000", "quoteQty": "274.89600000", "time": 1692841754447, "isBuyerMaker": true, "isBestMatch": true}, {"id": 38295441, "price": "0.48000000", "qty": "168.40000000", "quoteQty": "80.83200000", "time": 1692841754449, "isBuyerMaker": true, "isBestMatch": true}, {"id": 38295442, "price": "0.48020000", "qty": "34.60000000", "quoteQty": "16.61492000", "time": 1692841774371, "isBuyerMaker": false, "isBestMatch": true}, {"id": 38295443, "price": "0.48020000", "qty": "27.40000000", "quoteQty": "13.15748000", "time": 1692841835672, "isBuyerMaker": false, "isBestMatch": true}, {"id": 38295444, "price": "0.48020000", "qty": "7.20000000", "quoteQty": "3.45744000", "time": 1692841835672, "isBuyerMaker": false, "isBestMatch": true}, {"id": 38295445, "price": "0.48020000", "qty": "4727.00000000", "quoteQty": "2269.90540000", "time": 1692841866478, "isBuyerMaker": false, "isBestMatch": true}, {"id": 38295446, "price": "0.48020000", "qty": "8000.00000000", "quoteQty": "3841.60000000", "time": 1692841866481, "isBuyerMaker": false, "isBestMatch": true}, {"id": 38295447, "price": "0.48020000", "qty": "2946.30000000", "quoteQty": "1414.81326000", "time": 1692841866482, "isBuyerMaker": false, "isBestMatch": true}, {"id": 38295448, "price": "0.48030000", "qty": "653.90000000", "quoteQty": "314.06817000", "time": 1692841866488, "isBuyerMaker": false, "isBestMatch": true}, {"id": 38295449, "price": "0.48030000", "qty": "403.00000000", "quoteQty": "193.56090000", "time": 1692841866488, "isBuyerMaker": false, "isBestMatch": true}, {"id": 38295450, "price": "0.48030000", "qty": "547.00000000", "quoteQty": "262.72410000", "time": 1692841866488, "isBuyerMaker": false, "isBestMatch": true}, {"id": 38295451, "price": "0.48030000", "qty": "506.70000000", "quoteQty": "243.36801000", "time": 1692841866488, "isBuyerMaker": false, "isBestMatch": true}, {"id": 38295452, "price": "0.48030000", "qty": "1041.30000000", "quoteQty": "500.13639000", "time": 1692841866488, "isBuyerMaker": false, "isBestMatch": true}, {"id": 38295453, "price": "0.48030000", "qty": "1600.00000000", "quoteQty": "768.48000000", "time": 1692841866488, "isBuyerMaker": false, "isBestMatch": true}, {"id": 38295454, "price": "0.48030000", "qty": "1600.00000000", "quoteQty": "768.48000000", "time": 1692841866488, "isBuyerMaker": false, "isBestMatch": true}, {"id": 38295455, "price": "0.48030000", "qty": "879.50000000", "quoteQty": "422.42385000", "time": 1692841866488, "isBuyerMaker": false, "isBestMatch": true}, {"id": 38295456, "price": "0.48020000", "qty": "1029.80000000", "quoteQty": "494.50996000", "time": 1692841866490, "isBuyerMaker": true, "isBestMatch": true}, {"id": 38295457, "price": "0.48030000", "qty": "592.00000000", "quoteQty": "284.33760000", "time": 1692841866629, "isBuyerMaker": true, "isBestMatch": true}, {"id": 38295458, "price": "0.48030000", "qty": "227.50000000", "quoteQty": "109.26825000", "time": 1692841866629, "isBuyerMaker": true, "isBestMatch": true}, {"id": 38295459, "price": "0.48020000", "qty": "22.20000000", "quoteQty": "10.66044000", "time": 1692841981754, "isBuyerMaker": true, "isBestMatch": true}, {"id": 38295460, "price": "0.48010000", "qty": "775.90000000", "quoteQty": "372.50959000", "time": 1692841981754, "isBuyerMaker": true, "isBestMatch": true}, {"id": 38295461, "price": "0.48020000", "qty": "26.90000000", "quoteQty": "12.91738000", "time": 1692842012727, "isBuyerMaker": false, "isBestMatch": true}, {"id": 38295462, "price": "0.48000000", "qty": "1589.00000000", "quoteQty": "762.72000000", "time": 1692842134943, "isBuyerMaker": true, "isBestMatch": true}, {"id": 38295463, "price": "0.48000000", "qty": "334.60000000", "quoteQty": "160.60800000", "time": 1692842134947, "isBuyerMaker": true, "isBestMatch": true}, {"id": 38295464, "price": "0.48000000", "qty": "22.70000000", "quoteQty": "10.89600000", "time": 1692842134947, "isBuyerMaker": true, "isBestMatch": true}, {"id": 38295465, "price": "0.47990000", "qty": "662.00000000", "quoteQty": "317.69380000", "time": 1692842135051, "isBuyerMaker": true, "isBestMatch": true}, {"id": 38295466, "price": "0.48010000", "qty": "533.50000000", "quoteQty": "256.13335000", "time": 1692842219191, "isBuyerMaker": true, "isBestMatch": true}, {"id": 38295467, "price": "0.48000000", "qty": "1394.20000000", "quoteQty": "669.21600000", "time": 1692842219191, "isBuyerMaker": true, "isBestMatch": true}, {"id": 38295468, "price": "0.48000000", "qty": "950.00000000", "quoteQty": "456.00000000", "time": 1692842219191, "isBuyerMaker": true, "isBestMatch": true}, {"id": 38295469, "price": "0.47990000", "qty": "400.00000000", "quoteQty": "191.96000000", "time": 1692842219198, "isBuyerMaker": true, "isBestMatch": true}, {"id": 38295470, "price": "0.48000000", "qty": "312.60000000", "quoteQty": "150.04800000", "time": 1692842219201, "isBuyerMaker": true, "isBestMatch": true}, {"id": 38295471, "price": "0.48000000", "qty": "637.40000000", "quoteQty": "305.95200000", "time": 1692842219202, "isBuyerMaker": true, "isBestMatch": true}, {"id": 38295472, "price": "0.47990000", "qty": "950.00000000", "quoteQty": "455.90500000", "time": 1692842219206, "isBuyerMaker": true, "isBestMatch": true}, {"id": 38295473, "price": "0.47980000", "qty": "22.00000000", "quoteQty": "10.55560000", "time": 1692842219222, "isBuyerMaker": true, "isBestMatch": true}, {"id": 38295474, "price": "0.47980000", "qty": "950.00000000", "quoteQty": "455.81000000", "time": 1692842219222, "isBuyerMaker": true, "isBestMatch": true}, {"id": 38295475, "price": "0.48000000", "qty": "27.50000000", "quoteQty": "13.20000000", "time": 1692842233654, "isBuyerMaker": false, "isBestMatch": true}, {"id": 38295476, "price": "0.48000000", "qty": "7.10000000", "quoteQty": "3.40800000", "time": 1692842233654, "isBuyerMaker": false, "isBestMatch": true}, {"id": 38295477, "price": "0.47980000", "qty": "250.40000000", "quoteQty": "120.14192000", "time": 1692842258411, "isBuyerMaker": false, "isBestMatch": true}, {"id": 38295478, "price": "0.47970000", "qty": "22.00000000", "quoteQty": "10.55340000", "time": 1692842373448, "isBuyerMaker": true, "isBestMatch": true}, {"id": 38295479, "price": "0.47970000", "qty": "400.00000000", "quoteQty": "191.88000000", "time": 1692842373448, "isBuyerMaker": true, "isBestMatch": true}, {"id": 38295480, "price": "0.47970000", "qty": "276.80000000", "quoteQty": "132.78096000", "time": 1692842373448, "isBuyerMaker": true, "isBestMatch": true}, {"id": 38295481, "price": "0.47970000", "qty": "1007.80000000", "quoteQty": "483.44166000", "time": 1692842373451, "isBuyerMaker": true, "isBestMatch": true}, {"id": 38295482, "price": "0.47980000", "qty": "1033.70000000", "quoteQty": "495.96926000", "time": 1692842387784, "isBuyerMaker": false, "isBestMatch": true}, {"id": 38295483, "price": "0.47980000", "qty": "370.10000000", "quoteQty": "177.57398000", "time": 1692842387788, "isBuyerMaker": false, "isBestMatch": true}, {"id": 38295484, "price": "0.47980000", "qty": "147.00000000", "quoteQty": "70.53060000", "time": 1692842387788, "isBuyerMaker": false, "isBestMatch": true}, {"id": 38295485, "price": "0.47980000", "qty": "27.50000000", "quoteQty": "13.19450000", "time": 1692842403767, "isBuyerMaker": false, "isBestMatch": true}, {"id": 38295486, "price": "0.47980000", "qty": "17.80000000", "quoteQty": "8.54044000", "time": 1692842403767, "isBuyerMaker": false, "isBestMatch": true}, {"id": 38295487, "price": "0.48000000", "qty": "60.00000000", "quoteQty": "28.80000000", "time": 1692842447513, "isBuyerMaker": true, "isBestMatch": true}, {"id": 38295488, "price": "0.48010000", "qty": "26.10000000", "quoteQty": "12.53061000", "time": 1692842553937, "isBuyerMaker": true, "isBestMatch": true}, {"id": 38295489, "price": "0.48010000", "qty": "882.10000000", "quoteQty": "423.49621000", "time": 1692842553937, "isBuyerMaker": true, "isBestMatch": true}, {"id": 38295490, "price": "0.48000000", "qty": "932.10000000", "quoteQty": "447.40800000", "time": 1692842553949, "isBuyerMaker": true, "isBestMatch": true}, {"id": 38295491, "price": "0.48010000", "qty": "1188.80000000", "quoteQty": "570.74288000", "time": 1692842578388, "isBuyerMaker": true, "isBestMatch": true}, {"id": 38295492, "price": "0.48010000", "qty": "31.40000000", "quoteQty": "15.07514000", "time": 1692842578388, "isBuyerMaker": true, "isBestMatch": true}, {"id": 38295493, "price": "0.48010000", "qty": "22.90000000", "quoteQty": "10.99429000", "time": 1692842607825, "isBuyerMaker": true, "isBestMatch": true}, {"id": 38295494, "price": "0.48010000", "qty": "38.60000000", "quoteQty": "18.53186000", "time": 1692842669071, "isBuyerMaker": true, "isBestMatch": true}, {"id": 38295495, "price": "0.48010000", "qty": "544.80000000", "quoteQty": "261.55848000", "time": 1692842669071, "isBuyerMaker": true, "isBestMatch": true}, {"id": 38295496, "price": "0.48010000", "qty": "208.00000000", "quoteQty": "99.86080000", "time": 1692842714702, "isBuyerMaker": false, "isBestMatch": true}, {"id": 38295497, "price": "0.48010000", "qty": "42.40000000", "quoteQty": "20.35624000", "time": 1692842714705, "isBuyerMaker": false, "isBestMatch": true}, {"id": 38295498, "price": "0.47990000", "qty": "208.00000000", "quoteQty": "99.81920000", "time": 1692842717302, "isBuyerMaker": false, "isBestMatch": true}, {"id": 38295499, "price": "0.47970000", "qty": "918.00000000", "quoteQty": "440.36460000", "time": 1692842732194, "isBuyerMaker": true, "isBestMatch": true}, {"id": 38295500, "price": "0.47970000", "qty": "950.00000000", "quoteQty": "455.71500000", "time": 1692842759239, "isBuyerMaker": false, "isBestMatch": true}, {"id": 38295501, "price": "0.47980000", "qty": "598.00000000", "quoteQty": "286.92040000", "time": 1692842760810, "isBuyerMaker": false, "isBestMatch": true}, {"id": 38295502, "price": "0.47990000", "qty": "611.20000000", "quoteQty": "293.31488000", "time": 1692842760810, "isBuyerMaker": false, "isBestMatch": true}, {"id": 38295503, "price": "0.47980000", "qty": "1173.50000000", "quoteQty": "563.04530000", "time": 1692842786920, "isBuyerMaker": true, "isBestMatch": true}, {"id": 38295504, "price": "0.47980000", "qty": "42.80000000", "quoteQty": "20.53544000", "time": 1692842786923, "isBuyerMaker": true, "isBestMatch": true}, {"id": 38295505, "price": "0.47990000", "qty": "56.80000000", "quoteQty": "27.25832000", "time": 1692842803591, "isBuyerMaker": false, "isBestMatch": true}, {"id": 38295506, "price": "0.47980000", "qty": "1222.30000000", "quoteQty": "586.45954000", "time": 1692842819797, "isBuyerMaker": true, "isBestMatch": true}, {"id": 38295507, "price": "0.47970000", "qty": "250.40000000", "quoteQty": "120.11688000", "time": 1692842819797, "isBuyerMaker": true, "isBestMatch": true}, {"id": 38295508, "price": "0.47970000", "qty": "571.40000000", "quoteQty": "274.10058000", "time": 1692842819797, "isBuyerMaker": true, "isBestMatch": true}, {"id": 38295509, "price": "0.47970000", "qty": "334.80000000", "quoteQty": "160.60356000", "time": 1692842819797, "isBuyerMaker": true, "isBestMatch": true}, {"id": 38295510, "price": "0.47970000", "qty": "620.00000000", "quoteQty": "297.41400000", "time": 1692842828041, "isBuyerMaker": true, "isBestMatch": true}, {"id": 38295511, "price": "0.47970000", "qty": "1243.30000000", "quoteQty": "596.41101000", "time": 1692842828041, "isBuyerMaker": true, "isBestMatch": true}, {"id": 38295512, "price": "0.47970000", "qty": "733.40000000", "quoteQty": "351.81198000", "time": 1692842828049, "isBuyerMaker": true, "isBestMatch": true}, {"id": 38295513, "price": "0.47980000", "qty": "698.00000000", "quoteQty": "334.90040000", "time": 1692842859925, "isBuyerMaker": false, "isBestMatch": true}, {"id": 38295514, "price": "0.47980000", "qty": "598.70000000", "quoteQty": "287.25626000", "time": 1692842889171, "isBuyerMaker": true, "isBestMatch": true}, {"id": 38295515, "price": "0.47980000", "qty": "297.70000000", "quoteQty": "142.83646000", "time": 1692842903003, "isBuyerMaker": true, "isBestMatch": true}, {"id": 38295516, "price": "0.47980000", "qty": "250.40000000", "quoteQty": "120.14192000", "time": 1692842903003, "isBuyerMaker": true, "isBestMatch": true}, {"id": 38295517, "price": "0.47980000", "qty": "641.70000000", "quoteQty": "307.88766000", "time": 1692842903003, "isBuyerMaker": true, "isBestMatch": true}, {"id": 38295518, "price": "0.47980000", "qty": "524.60000000", "quoteQty": "251.70308000", "time": 1692842903003, "isBuyerMaker": true, "isBestMatch": true}, {"id": 38295519, "price": "0.47980000", "qty": "1024.40000000", "quoteQty": "491.50712000", "time": 1692842903003, "isBuyerMaker": true, "isBestMatch": true}, {"id": 38295520, "price": "0.47970000", "qty": "447.60000000", "quoteQty": "214.71372000", "time": 1692842931942, "isBuyerMaker": true, "isBestMatch": true}, {"id": 38295521, "price": "0.47970000", "qty": "161.60000000", "quoteQty": "77.51952000", "time": 1692842931942, "isBuyerMaker": true, "isBestMatch": true}, {"id": 38295522, "price": "0.47970000", "qty": "608.90000000", "quoteQty": "292.08933000", "time": 1692842931942, "isBuyerMaker": true, "isBestMatch": true}, {"id": 38295523, "price": "0.47970000", "qty": "101.20000000", "quoteQty": "48.54564000", "time": 1692842931948, "isBuyerMaker": true, "isBestMatch": true}, {"id": 38295524, "price": "0.47970000", "qty": "409.00000000", "quoteQty": "196.19730000", "time": 1692842931948, "isBuyerMaker": true, "isBestMatch": true}, {"id": 38295525, "price": "0.47970000", "qty": "122.00000000", "quoteQty": "58.52340000", "time": 1692842931948, "isBuyerMaker": true, "isBestMatch": true}, {"id": 38295526, "price": "0.47970000", "qty": "335.00000000", "quoteQty": "160.69950000", "time": 1692842931950, "isBuyerMaker": true, "isBestMatch": true}, {"id": 38295527, "price": "0.47970000", "qty": "301.50000000", "quoteQty": "144.62955000", "time": 1692842931950, "isBuyerMaker": true, "isBestMatch": true}, {"id": 38295528, "price": "0.47970000", "qty": "152.50000000", "quoteQty": "73.15425000", "time": 1692842931951, "isBuyerMaker": true, "isBestMatch": true}, {"id": 38295529, "price": "0.47970000", "qty": "481.20000000", "quoteQty": "230.83164000", "time": 1692842931951, "isBuyerMaker": true, "isBestMatch": true}, {"id": 38295530, "price": "0.47970000", "qty": "8.80000000", "quoteQty": "4.22136000", "time": 1692842931964, "isBuyerMaker": true, "isBestMatch": true}, {"id": 38295531, "price": "0.47970000", "qty": "492.00000000", "quoteQty": "236.01240000", "time": 1692842931964, "isBuyerMaker": true, "isBestMatch": true}, {"id": 38295532, "price": "0.47970000", "qty": "416.00000000", "quoteQty": "199.55520000", "time": 1692842931964, "isBuyerMaker": true, "isBestMatch": true}, {"id": 38295533, "price": "0.47970000", "qty": "540.30000000", "quoteQty": "259.18191000", "time": 1692842931964, "isBuyerMaker": true, "isBestMatch": true}, {"id": 38295534, "price": "0.47970000", "qty": "1210.90000000", "quoteQty": "580.86873000", "time": 1692842931964, "isBuyerMaker": true, "isBestMatch": true}, {"id": 38295535, "price": "0.47960000", "qty": "1319.00000000", "quoteQty": "632.59240000", "time": 1692842931970, "isBuyerMaker": true, "isBestMatch": true}, {"id": 38295536, "price": "0.47960000", "qty": "1305.70000000", "quoteQty": "626.21372000", "time": 1692842931970, "isBuyerMaker": true, "isBestMatch": true}, {"id": 38295537, "price": "0.47960000", "qty": "609.40000000", "quoteQty": "292.26824000", "time": 1692842931970, "isBuyerMaker": true, "isBestMatch": true}, {"id": 38295538, "price": "0.47960000", "qty": "106.20000000", "quoteQty": "50.93352000", "time": 1692842931970, "isBuyerMaker": true, "isBestMatch": true}, {"id": 38295539, "price": "0.47950000", "qty": "490.00000000", "quoteQty": "234.95500000", "time": 1692842935039, "isBuyerMaker": true, "isBestMatch": true}, {"id": 38295540, "price": "0.47950000", "qty": "454.00000000", "quoteQty": "217.69300000", "time": 1692842935039, "isBuyerMaker": true, "isBestMatch": true}, {"id": 38295541, "price": "0.47950000", "qty": "20.60000000", "quoteQty": "9.87770000", "time": 1692842935039, "isBuyerMaker": true, "isBestMatch": true}, {"id": 38295542, "price": "0.47960000", "qty": "91.50000000", "quoteQty": "43.88340000", "time": 1692842978126, "isBuyerMaker": false, "isBestMatch": true}, {"id": 38295543, "price": "0.47960000", "qty": "208.00000000", "quoteQty": "99.75680000", "time": 1692842986566, "isBuyerMaker": false, "isBestMatch": true}, {"id": 38295544, "price": "0.47960000", "qty": "208.00000000", "quoteQty": "99.75680000", "time": 1692842989028, "isBuyerMaker": false, "isBestMatch": true}, {"id": 38295545, "price": "0.47960000", "qty": "208.00000000", "quoteQty": "99.75680000", "time": 1692842991502, "isBuyerMaker": false, "isBestMatch": true}, {"id": 38295546, "price": "0.47960000", "qty": "46.00000000", "quoteQty": "22.06160000", "time": 1692842993875, "isBuyerMaker": false, "isBestMatch": true}, {"id": 38295547, "price": "0.47970000", "qty": "162.00000000", "quoteQty": "77.71140000", "time": 1692842993875, "isBuyerMaker": false, "isBestMatch": true}, {"id": 38295548, "price": "0.47970000", "qty": "25.80000000", "quoteQty": "12.37626000", "time": 1692843015875, "isBuyerMaker": false, "isBestMatch": true}, {"id": 38295549, "price": "0.47960000", "qty": "800.00000000", "quoteQty": "383.68000000", "time": 1692843064659, "isBuyerMaker": true, "isBestMatch": true}, {"id": 38295550, "price": "0.47960000", "qty": "800.00000000", "quoteQty": "383.68000000", "time": 1692843064659, "isBuyerMaker": true, "isBestMatch": true}, {"id": 38295551, "price": "0.47960000", "qty": "3196.00000000", "quoteQty": "1532.80160000", "time": 1692843064659, "isBuyerMaker": true, "isBestMatch": true}, {"id": 38295552, "price": "0.47940000", "qty": "570.70000000", "quoteQty": "273.59358000", "time": 1692843154205, "isBuyerMaker": true, "isBestMatch": true}, {"id": 38295553, "price": "0.47940000", "qty": "557.30000000", "quoteQty": "267.16962000", "time": 1692843154205, "isBuyerMaker": true, "isBestMatch": true}, {"id": 38295554, "price": "0.47950000", "qty": "643.00000000", "quoteQty": "308.31850000", "time": 1692843214735, "isBuyerMaker": false, "isBestMatch": true}, {"id": 38295555, "price": "0.47960000", "qty": "250.20000000", "quoteQty": "119.99592000", "time": 1692843240286, "isBuyerMaker": false, "isBestMatch": true}, {"id": 38295556, "price": "0.47950000", "qty": "917.50000000", "quoteQty": "439.94125000", "time": 1692843273087, "isBuyerMaker": true, "isBestMatch": true}, {"id": 38295557, "price": "0.47950000", "qty": "577.50000000", "quoteQty": "276.91125000", "time": 1692843317191, "isBuyerMaker": true, "isBestMatch": true}, {"id": 38295558, "price": "0.47950000", "qty": "250.40000000", "quoteQty": "120.06680000", "time": 1692843322154, "isBuyerMaker": false, "isBestMatch": true}, {"id": 38295559, "price": "0.47950000", "qty": "669.50000000", "quoteQty": "321.02525000", "time": 1692843322154, "isBuyerMaker": false, "isBestMatch": true}, {"id": 38295560, "price": "0.47960000", "qty": "27.50000000", "quoteQty": "13.18900000", "time": 1692843322154, "isBuyerMaker": false, "isBestMatch": true}, {"id": 38295561, "price": "0.47960000", "qty": "120.30000000", "quoteQty": "57.69588000", "time": 1692843322154, "isBuyerMaker": false, "isBestMatch": true}, {"id": 38295562, "price": "0.47950000", "qty": "357.90000000", "quoteQty": "171.61305000", "time": 1692843323518, "isBuyerMaker": true, "isBestMatch": true}, {"id": 38295563, "price": "0.47960000", "qty": "431.20000000", "quoteQty": "206.80352000", "time": 1692843406256, "isBuyerMaker": false, "isBestMatch": true}, {"id": 38295564, "price": "0.47970000", "qty": "148.60000000", "quoteQty": "71.28342000", "time": 1692843480722, "isBuyerMaker": false, "isBestMatch": true}, {"id": 38295565, "price": "0.47970000", "qty": "39.30000000", "quoteQty": "18.85221000", "time": 1692843509795, "isBuyerMaker": false, "isBestMatch": true}, {"id": 38295566, "price": "0.47980000", "qty": "105.60000000", "quoteQty": "50.66688000", "time": 1692843509805, "isBuyerMaker": false, "isBestMatch": true}, {"id": 38295567, "price": "0.47980000", "qty": "30.80000000", "quoteQty": "14.77784000", "time": 1692843509912, "isBuyerMaker": false, "isBestMatch": true}, {"id": 38295568, "price": "0.47990000", "qty": "382.10000000", "quoteQty": "183.36979000", "time": 1692843511126, "isBuyerMaker": false, "isBestMatch": true}, {"id": 38295569, "price": "0.47980000", "qty": "55.20000000", "quoteQty": "26.48496000", "time": 1692843649398, "isBuyerMaker": false, "isBestMatch": true}, {"id": 38295570, "price": "0.47990000", "qty": "152.80000000", "quoteQty": "73.32872000", "time": 1692843649398, "isBuyerMaker": false, "isBestMatch": true}, {"id": 38295571, "price": "0.47980000", "qty": "22.90000000", "quoteQty": "10.98742000", "time": 1692843649828, "isBuyerMaker": true, "isBestMatch": true}, {"id": 38295572, "price": "0.47970000", "qty": "250.40000000", "quoteQty": "120.11688000", "time": 1692843659141, "isBuyerMaker": true, "isBestMatch": true}, {"id": 38295573, "price": "0.47970000", "qty": "1222.40000000", "quoteQty": "586.38528000", "time": 1692843659141, "isBuyerMaker": true, "isBestMatch": true}, {"id": 38295574, "price": "0.47970000", "qty": "17.50000000", "quoteQty": "8.39475000", "time": 1692843659141, "isBuyerMaker": true, "isBestMatch": true}, {"id": 38295575, "price": "0.47960000", "qty": "950.00000000", "quoteQty": "455.62000000", "time": 1692843659154, "isBuyerMaker": true, "isBestMatch": true}, {"id": 38295576, "price": "0.47960000", "qty": "248.40000000", "quoteQty": "119.13264000", "time": 1692843659154, "isBuyerMaker": true, "isBestMatch": true}, {"id": 38295577, "price": "0.47940000", "qty": "38.40000000", "quoteQty": "18.40896000", "time": 1692843665561, "isBuyerMaker": true, "isBestMatch": true}, {"id": 38295578, "price": "0.47940000", "qty": "162.20000000", "quoteQty": "77.75868000", "time": 1692843665561, "isBuyerMaker": true, "isBestMatch": true}, {"id": 38295579, "price": "0.47940000", "qty": "38.40000000", "quoteQty": "18.40896000", "time": 1692843673737, "isBuyerMaker": true, "isBestMatch": true}, {"id": 38295580, "price": "0.47940000", "qty": "162.20000000", "quoteQty": "77.75868000", "time": 1692843673737, "isBuyerMaker": true, "isBestMatch": true}, {"id": 38295581, "price": "0.47940000", "qty": "38.40000000", "quoteQty": "18.40896000", "time": 1692843677599, "isBuyerMaker": true, "isBestMatch": true}, {"id": 38295582, "price": "0.47940000", "qty": "162.20000000", "quoteQty": "77.75868000", "time": 1692843677599, "isBuyerMaker": true, "isBestMatch": true}, {"id": 38295583, "price": "0.47940000", "qty": "38.40000000", "quoteQty": "18.40896000", "time": 1692843677641, "isBuyerMaker": true, "isBestMatch": true}, {"id": 38295584, "price": "0.47940000", "qty": "162.10000000", "quoteQty": "77.71074000", "time": 1692843677641, "isBuyerMaker": true, "isBestMatch": true}, {"id": 38295585, "price": "0.47940000", "qty": "0.10000000", "quoteQty": "0.04794000", "time": 1692843677645, "isBuyerMaker": true, "isBestMatch": true}, {"id": 38295586, "price": "0.47940000", "qty": "38.40000000", "quoteQty": "18.40896000", "time": 1692843677645, "isBuyerMaker": true, "isBestMatch": true}, {"id": 38295587, "price": "0.47940000", "qty": "43.70000000", "quoteQty": "20.94978000", "time": 1692843677666, "isBuyerMaker": true, "isBestMatch": true}, {"id": 38295588, "price": "0.47940000", "qty": "118.50000000", "quoteQty": "56.80890000", "time": 1692843677668, "isBuyerMaker": true, "isBestMatch": true}, {"id": 38295589, "price": "0.47940000", "qty": "38.40000000", "quoteQty": "18.40896000", "time": 1692843677668, "isBuyerMaker": true, "isBestMatch": true}, {"id": 38295590, "price": "0.47940000", "qty": "43.60000000", "quoteQty": "20.90184000", "time": 1692843677668, "isBuyerMaker": true, "isBestMatch": true}, {"id": 38295591, "price": "0.47940000", "qty": "118.60000000", "quoteQty": "56.85684000", "time": 1692843677670, "isBuyerMaker": true, "isBestMatch": true}, {"id": 38295592, "price": "0.47940000", "qty": "38.30000000", "quoteQty": "18.36102000", "time": 1692843677670, "isBuyerMaker": true, "isBestMatch": true}, {"id": 38295593, "price": "0.47940000", "qty": "0.10000000", "quoteQty": "0.04794000", "time": 1692843677673, "isBuyerMaker": true, "isBestMatch": true}, {"id": 38295594, "price": "0.47940000", "qty": "156.90000000", "quoteQty": "75.21786000", "time": 1692843677673, "isBuyerMaker": true, "isBestMatch": true}, {"id": 38295595, "price": "0.47940000", "qty": "5.30000000", "quoteQty": "2.54082000", "time": 1692843677675, "isBuyerMaker": true, "isBestMatch": true}, {"id": 38295596, "price": "0.47940000", "qty": "38.40000000", "quoteQty": "18.40896000", "time": 1692843677675, "isBuyerMaker": true, "isBestMatch": true}, {"id": 38295597, "price": "0.47940000", "qty": "118.60000000", "quoteQty": "56.85684000", "time": 1692843677675, "isBuyerMaker": true, "isBestMatch": true}, {"id": 38295598, "price": "0.47940000", "qty": "43.60000000", "quoteQty": "20.90184000", "time": 1692843677678, "isBuyerMaker": true, "isBestMatch": true}, {"id": 38295599, "price": "0.47940000", "qty": "0.10000000", "quoteQty": "0.04794000", "time": 1692843677678, "isBuyerMaker": true, "isBestMatch": true}, {"id": 38295600, "price": "0.47940000", "qty": "38.30000000", "quoteQty": "18.36102000", "time": 1692843685769, "isBuyerMaker": true, "isBestMatch": true}, {"id": 38295601, "price": "0.47940000", "qty": "162.20000000", "quoteQty": "77.75868000", "time": 1692843685769, "isBuyerMaker": true, "isBestMatch": true}, {"id": 38295602, "price": "0.47940000", "qty": "38.20000000", "quoteQty": "18.31308000", "time": 1692843685772, "isBuyerMaker": true, "isBestMatch": true}, {"id": 38295603, "price": "0.47940000", "qty": "161.70000000", "quoteQty": "77.51898000", "time": 1692843685772, "isBuyerMaker": true, "isBestMatch": true}, {"id": 38295604, "price": "0.47930000", "qty": "25.80000000", "quoteQty": "12.36594000", "time": 1692843688167, "isBuyerMaker": false, "isBestMatch": true}, {"id": 38295605, "price": "0.47920000", "qty": "26.00000000", "quoteQty": "12.45920000", "time": 1692843741668, "isBuyerMaker": false, "isBestMatch": true}, {"id": 38295606, "price": "0.47930000", "qty": "224.60000000", "quoteQty": "107.65078000", "time": 1692843780681, "isBuyerMaker": false, "isBestMatch": true}, {"id": 38295607, "price": "0.47930000", "qty": "218.40000000", "quoteQty": "104.67912000", "time": 1692843780681, "isBuyerMaker": false, "isBestMatch": true}, {"id": 38295608, "price": "0.47930000", "qty": "443.00000000", "quoteQty": "212.32990000", "time": 1692843780683, "isBuyerMaker": false, "isBestMatch": true}, {"id": 38295609, "price": "0.47930000", "qty": "288.60000000", "quoteQty": "138.32598000", "time": 1692843780685, "isBuyerMaker": false, "isBestMatch": true}, {"id": 38295610, "price": "0.47940000", "qty": "154.40000000", "quoteQty": "74.01936000", "time": 1692843780685, "isBuyerMaker": false, "isBestMatch": true}, {"id": 38295611, "price": "0.47940000", "qty": "391.00000000", "quoteQty": "187.44540000", "time": 1692843780713, "isBuyerMaker": false, "isBestMatch": true}, {"id": 38295612, "price": "0.47940000", "qty": "34.70000000", "quoteQty": "16.63518000", "time": 1692843783568, "isBuyerMaker": false, "isBestMatch": true}, {"id": 38295613, "price": "0.47930000", "qty": "250.40000000", "quoteQty": "120.01672000", "time": 1692843815041, "isBuyerMaker": true, "isBestMatch": true}, {"id": 38295614, "price": "0.47920000", "qty": "1287.90000000", "quoteQty": "617.16168000", "time": 1692843845878, "isBuyerMaker": false, "isBestMatch": true}, {"id": 38295615, "price": "0.47920000", "qty": "1429.10000000", "quoteQty": "684.82472000", "time": 1692843845878, "isBuyerMaker": false, "isBestMatch": true}, {"id": 38295616, "price": "0.47920000", "qty": "26.00000000", "quoteQty": "12.45920000", "time": 1692843890912, "isBuyerMaker": false, "isBestMatch": true}, {"id": 38295617, "price": "0.47920000", "qty": "26.00000000", "quoteQty": "12.45920000", "time": 1692843890912, "isBuyerMaker": false, "isBestMatch": true}, {"id": 38295618, "price": "0.47920000", "qty": "30.00000000", "quoteQty": "14.37600000", "time": 1692843902624, "isBuyerMaker": false, "isBestMatch": true}, {"id": 38295619, "price": "0.47910000", "qty": "21.20000000", "quoteQty": "10.15692000", "time": 1692843904689, "isBuyerMaker": true, "isBestMatch": true}, {"id": 38295620, "price": "0.47910000", "qty": "26.20000000", "quoteQty": "12.55242000", "time": 1692843904689, "isBuyerMaker": true, "isBestMatch": true}, {"id": 38295621, "price": "0.47910000", "qty": "1196.60000000", "quoteQty": "573.29106000", "time": 1692843904689, "isBuyerMaker": true, "isBestMatch": true}, {"id": 38295622, "price": "0.47910000", "qty": "31.40000000", "quoteQty": "15.04374000", "time": 1692843905304, "isBuyerMaker": false, "isBestMatch": true}, {"id": 38295623, "price": "0.47920000", "qty": "950.00000000", "quoteQty": "455.24000000", "time": 1692843914549, "isBuyerMaker": false, "isBestMatch": true}, {"id": 38295624, "price": "0.47920000", "qty": "23.10000000", "quoteQty": "11.06952000", "time": 1692843914549, "isBuyerMaker": false, "isBestMatch": true}, {"id": 38295625, "price": "0.47940000", "qty": "153.20000000", "quoteQty": "73.44408000", "time": 1692843960563, "isBuyerMaker": false, "isBestMatch": true}, {"id": 38295626, "price": "0.47940000", "qty": "417.00000000", "quoteQty": "199.90980000", "time": 1692843986211, "isBuyerMaker": false, "isBestMatch": true}, {"id": 38295627, "price": "0.47970000", "qty": "27.50000000", "quoteQty": "13.19175000", "time": 1692844053427, "isBuyerMaker": false, "isBestMatch": true}, {"id": 38295628, "price": "0.47980000", "qty": "19.20000000", "quoteQty": "9.21216000", "time": 1692844053427, "isBuyerMaker": false, "isBestMatch": true}, {"id": 38295629, "price": "0.47970000", "qty": "596.00000000", "quoteQty": "285.90120000", "time": 1692844057709, "isBuyerMaker": false, "isBestMatch": true}, {"id": 38295630, "price": "0.47960000", "qty": "380.40000000", "quoteQty": "182.43984000", "time": 1692844110503, "isBuyerMaker": true, "isBestMatch": true}, {"id": 38295631, "price": "0.47970000", "qty": "43.50000000", "quoteQty": "20.86695000", "time": 1692844128644, "isBuyerMaker": true, "isBestMatch": true}, {"id": 38295632, "price": "0.47970000", "qty": "50.20000000", "quoteQty": "24.08094000", "time": 1692844154793, "isBuyerMaker": false, "isBestMatch": true}, {"id": 38295633, "price": "0.47980000", "qty": "24.60000000", "quoteQty": "11.80308000", "time": 1692844202721, "isBuyerMaker": false, "isBestMatch": true}, {"id": 38295634, "price": "0.47980000", "qty": "0.10000000", "quoteQty": "0.04798000", "time": 1692844202725, "isBuyerMaker": false, "isBestMatch": true}, {"id": 38295635, "price": "0.47990000", "qty": "48.70000000", "quoteQty": "23.37113000", "time": 1692844249313, "isBuyerMaker": true, "isBestMatch": true}, {"id": 38295636, "price": "0.47990000", "qty": "81.40000000", "quoteQty": "39.06386000", "time": 1692844260926, "isBuyerMaker": true, "isBestMatch": true}, {"id": 38295637, "price": "0.48000000", "qty": "23.10000000", "quoteQty": "11.08800000", "time": 1692844267035, "isBuyerMaker": false, "isBestMatch": true}, {"id": 38295638, "price": "0.48010000", "qty": "418.90000000", "quoteQty": "201.11389000", "time": 1692844267035, "isBuyerMaker": false, "isBestMatch": true}, {"id": 38295639, "price": "0.48000000", "qty": "26.10000000", "quoteQty": "12.52800000", "time": 1692844272803, "isBuyerMaker": true, "isBestMatch": true}, {"id": 38295640, "price": "0.47990000", "qty": "96.40000000", "quoteQty": "46.26236000", "time": 1692844272803, "isBuyerMaker": true, "isBestMatch": true}, {"id": 38295641, "price": "0.47990000", "qty": "129.80000000", "quoteQty": "62.29102000", "time": 1692844284414, "isBuyerMaker": true, "isBestMatch": true}, {"id": 38295642, "price": "0.47990000", "qty": "112.90000000", "quoteQty": "54.18071000", "time": 1692844295650, "isBuyerMaker": true, "isBestMatch": true}, {"id": 38295643, "price": "0.48000000", "qty": "27.50000000", "quoteQty": "13.20000000", "time": 1692844302818, "isBuyerMaker": false, "isBestMatch": true}, {"id": 38295644, "price": "0.48000000", "qty": "180.50000000", "quoteQty": "86.64000000", "time": 1692844302818, "isBuyerMaker": false, "isBestMatch": true}, {"id": 38295645, "price": "0.48000000", "qty": "27.50000000", "quoteQty": "13.20000000", "time": 1692844305515, "isBuyerMaker": false, "isBestMatch": true}, {"id": 38295646, "price": "0.48010000", "qty": "180.50000000", "quoteQty": "86.65805000", "time": 1692844305515, "isBuyerMaker": false, "isBestMatch": true}, {"id": 38295647, "price": "0.47990000", "qty": "100.20000000", "quoteQty": "48.08598000", "time": 1692844307272, "isBuyerMaker": true, "isBestMatch": true}, {"id": 38295648, "price": "0.47990000", "qty": "44.90000000", "quoteQty": "21.54751000", "time": 1692844318465, "isBuyerMaker": true, "isBestMatch": true}, {"id": 38295649, "price": "0.47990000", "qty": "9.50000000", "quoteQty": "4.55905000", "time": 1692844318465, "isBuyerMaker": true, "isBestMatch": true}, {"id": 38295650, "price": "0.48020000", "qty": "314.00000000", "quoteQty": "150.78280000", "time": 1692844323072, "isBuyerMaker": false, "isBestMatch": true}, {"id": 38295651, "price": "0.48020000", "qty": "46.20000000", "quoteQty": "22.18524000", "time": 1692844328157, "isBuyerMaker": false, "isBestMatch": true}, {"id": 38295652, "price": "0.48030000", "qty": "577.80000000", "quoteQty": "277.51734000", "time": 1692844328157, "isBuyerMaker": false, "isBestMatch": true}, {"id": 38295653, "price": "0.48030000", "qty": "105.40000000", "quoteQty": "50.62362000", "time": 1692844330730, "isBuyerMaker": true, "isBestMatch": true}, {"id": 38295654, "price": "0.48020000", "qty": "144.80000000", "quoteQty": "69.53296000", "time": 1692844343193, "isBuyerMaker": true, "isBestMatch": true}, {"id": 38295655, "price": "0.48020000", "qty": "1234.60000000", "quoteQty": "592.85492000", "time": 1692844344732, "isBuyerMaker": true, "isBestMatch": true}, {"id": 38295656, "price": "0.48010000", "qty": "250.40000000", "quoteQty": "120.21704000", "time": 1692844344732, "isBuyerMaker": true, "isBestMatch": true}, {"id": 38295657, "price": "0.48010000", "qty": "742.20000000", "quoteQty": "356.33022000", "time": 1692844344732, "isBuyerMaker": true, "isBestMatch": true}, {"id": 38295658, "price": "0.48020000", "qty": "27.50000000", "quoteQty": "13.20550000", "time": 1692844344746, "isBuyerMaker": true, "isBestMatch": true}, {"id": 38295659, "price": "0.48010000", "qty": "514.30000000", "quoteQty": "246.91543000", "time": 1692844344746, "isBuyerMaker": true, "isBestMatch": true}, {"id": 38295660, "price": "0.48010000", "qty": "335.00000000", "quoteQty": "160.83350000", "time": 1692844344746, "isBuyerMaker": true, "isBestMatch": true}, {"id": 38295661, "price": "0.48010000", "qty": "136.50000000", "quoteQty": "65.53365000", "time": 1692844354810, "isBuyerMaker": true, "isBestMatch": true}, {"id": 38295662, "price": "0.48020000", "qty": "101.00000000", "quoteQty": "48.50020000", "time": 1692844366224, "isBuyerMaker": true, "isBestMatch": true}, {"id": 38295663, "price": "0.48020000", "qty": "130.20000000", "quoteQty": "62.52204000", "time": 1692844377639, "isBuyerMaker": true, "isBestMatch": true}, {"id": 38295664, "price": "0.48020000", "qty": "88.50000000", "quoteQty": "42.49770000", "time": 1692844390522, "isBuyerMaker": true, "isBestMatch": true}, {"id": 38295665, "price": "0.48040000", "qty": "898.00000000", "quoteQty": "431.39920000", "time": 1692844392356, "isBuyerMaker": false, "isBestMatch": true}, {"id": 38295666, "price": "0.48040000", "qty": "358.00000000", "quoteQty": "171.98320000", "time": 1692844392579, "isBuyerMaker": true, "isBestMatch": true}, {"id": 38295667, "price": "0.48040000", "qty": "342.50000000", "quoteQty": "164.53700000", "time": 1692844400096, "isBuyerMaker": false, "isBestMatch": true}, {"id": 38295668, "price": "0.48050000", "qty": "763.00000000", "quoteQty": "366.62150000", "time": 1692844400169, "isBuyerMaker": false, "isBestMatch": true}, {"id": 38295669, "price": "0.48040000", "qty": "94.00000000", "quoteQty": "45.15760000", "time": 1692844403200, "isBuyerMaker": true, "isBestMatch": true}, {"id": 38295670, "price": "0.48040000", "qty": "23.00000000", "quoteQty": "11.04920000", "time": 1692844415458, "isBuyerMaker": true, "isBestMatch": true}, {"id": 38295671, "price": "0.48040000", "qty": "30.80000000", "quoteQty": "14.79632000", "time": 1692844415458, "isBuyerMaker": true, "isBestMatch": true}, {"id": 38295672, "price": "0.48040000", "qty": "27.50000000", "quoteQty": "13.21100000", "time": 1692844426836, "isBuyerMaker": false, "isBestMatch": true}, {"id": 38295673, "price": "0.48040000", "qty": "180.50000000", "quoteQty": "86.71220000", "time": 1692844426836, "isBuyerMaker": false, "isBestMatch": true}, {"id": 38295674, "price": "0.48030000", "qty": "123.90000000", "quoteQty": "59.50917000", "time": 1692844426870, "isBuyerMaker": true, "isBestMatch": true}, {"id": 38295675, "price": "0.48040000", "qty": "123.80000000", "quoteQty": "59.47352000", "time": 1692844429201, "isBuyerMaker": false, "isBestMatch": true}, {"id": 38295676, "price": "0.48050000", "qty": "84.20000000", "quoteQty": "40.45810000", "time": 1692844429201, "isBuyerMaker": false, "isBestMatch": true}, {"id": 38295677, "price": "0.48040000", "qty": "89.90000000", "quoteQty": "43.18796000", "time": 1692844438341, "isBuyerMaker": true, "isBestMatch": true}, {"id": 38295678, "price": "0.48030000", "qty": "57.60000000", "quoteQty": "27.66528000", "time": 1692844450800, "isBuyerMaker": true, "isBestMatch": true}, {"id": 38295679, "price": "0.48030000", "qty": "78.50000000", "quoteQty": "37.70355000", "time": 1692844462214, "isBuyerMaker": true, "isBestMatch": true}, {"id": 38295680, "price": "0.48040000", "qty": "112.50000000", "quoteQty": "54.04500000", "time": 1692844473613, "isBuyerMaker": true, "isBestMatch": true}, {"id": 38295681, "price": "0.48050000", "qty": "101.60000000", "quoteQty": "48.81880000", "time": 1692844480174, "isBuyerMaker": false, "isBestMatch": true}, {"id": 38295682, "price": "0.48050000", "qty": "76.60000000", "quoteQty": "36.80630000", "time": 1692844480174, "isBuyerMaker": false, "isBestMatch": true}, {"id": 38295683, "price": "0.48030000", "qty": "69.10000000", "quoteQty": "33.18873000", "time": 1692844485445, "isBuyerMaker": true, "isBestMatch": true}, {"id": 38295684, "price": "0.48050000", "qty": "220.00000000", "quoteQty": "105.71000000", "time": 1692844496693, "isBuyerMaker": false, "isBestMatch": true}, {"id": 38295685, "price": "0.48040000", "qty": "109.20000000", "quoteQty": "52.45968000", "time": 1692844496848, "isBuyerMaker": true, "isBestMatch": true}, {"id": 38295686, "price": "0.48040000", "qty": "83.90000000", "quoteQty": "40.30556000", "time": 1692844508680, "isBuyerMaker": true, "isBestMatch": true}, {"id": 38295687, "price": "0.48030000", "qty": "105.30000000", "quoteQty": "50.57559000", "time": 1692844520729, "isBuyerMaker": true, "isBestMatch": true}, {"id": 38295688, "price": "0.48030000", "qty": "137.20000000", "quoteQty": "65.89716000", "time": 1692844533633, "isBuyerMaker": true, "isBestMatch": true}, {"id": 38295689, "price": "0.48030000", "qty": "51.00000000", "quoteQty": "24.49530000", "time": 1692844545244, "isBuyerMaker": true, "isBestMatch": true}, {"id": 38295690, "price": "0.48040000", "qty": "569.00000000", "quoteQty": "273.34760000", "time": 1692844554268, "isBuyerMaker": false, "isBestMatch": true}, {"id": 38295691, "price": "0.48050000", "qty": "317.00000000", "quoteQty": "152.31850000", "time": 1692844554416, "isBuyerMaker": false, "isBestMatch": true}, {"id": 38295692, "price": "0.48040000", "qty": "119.80000000", "quoteQty": "57.55192000", "time": 1692844556649, "isBuyerMaker": true, "isBestMatch": true}, {"id": 38295693, "price": "0.48040000", "qty": "68.00000000", "quoteQty": "32.66720000", "time": 1692844568696, "isBuyerMaker": true, "isBestMatch": true}, {"id": 38295694, "price": "0.48040000", "qty": "66.00000000", "quoteQty": "31.70640000", "time": 1692844581192, "isBuyerMaker": true, "isBestMatch": true}, {"id": 38295695, "price": "0.48030000", "qty": "72.60000000", "quoteQty": "34.86978000", "time": 1692844592604, "isBuyerMaker": true, "isBestMatch": true}, {"id": 38295696, "price": "0.48040000", "qty": "142.30000000", "quoteQty": "68.36092000", "time": 1692844604227, "isBuyerMaker": true, "isBestMatch": true}, {"id": 38295697, "price": "0.48030000", "qty": "77.60000000", "quoteQty": "37.27128000", "time": 1692844615845, "isBuyerMaker": true, "isBestMatch": true}, {"id": 38295698, "price": "0.48030000", "qty": "60.20000000", "quoteQty": "28.91406000", "time": 1692844628116, "isBuyerMaker": true, "isBestMatch": true}, {"id": 38295699, "price": "0.48030000", "qty": "82.20000000", "quoteQty": "39.48066000", "time": 1692844641043, "isBuyerMaker": true, "isBestMatch": true}, {"id": 38295700, "price": "0.48040000", "qty": "208.00000000", "quoteQty": "99.92320000", "time": 1692844644509, "isBuyerMaker": false, "isBestMatch": true}, {"id": 38295701, "price": "0.48040000", "qty": "208.00000000", "quoteQty": "99.92320000", "time": 1692844646867, "isBuyerMaker": false, "isBestMatch": true}, {"id": 38295702, "price": "0.48040000", "qty": "208.00000000", "quoteQty": "99.92320000", "time": 1692844649213, "isBuyerMaker": false, "isBestMatch": true}, {"id": 38295703, "price": "0.48040000", "qty": "130.00000000", "quoteQty": "62.45200000", "time": 1692844651561, "isBuyerMaker": false, "isBestMatch": true}, {"id": 38295704, "price": "0.48040000", "qty": "22.00000000", "quoteQty": "10.56880000", "time": 1692844651561, "isBuyerMaker": false, "isBestMatch": true}, {"id": 38295705, "price": "0.48050000", "qty": "56.00000000", "quoteQty": "26.90800000", "time": 1692844651561, "isBuyerMaker": false, "isBestMatch": true}, {"id": 38295706, "price": "0.48030000", "qty": "129.90000000", "quoteQty": "62.39097000", "time": 1692844652668, "isBuyerMaker": true, "isBestMatch": true}, {"id": 38295707, "price": "0.48040000", "qty": "250.40000000", "quoteQty": "120.29216000", "time": 1692844653153, "isBuyerMaker": false, "isBestMatch": true}, {"id": 38295708, "price": "0.48050000", "qty": "6.60000000", "quoteQty": "3.17130000", "time": 1692844653153, "isBuyerMaker": false, "isBestMatch": true}, {"id": 38295709, "price": "0.48040000", "qty": "76.10000000", "quoteQty": "36.55844000", "time": 1692844664288, "isBuyerMaker": true, "isBestMatch": true}, {"id": 38295710, "price": "0.48030000", "qty": "100.50000000", "quoteQty": "48.27015000", "time": 1692844676278, "isBuyerMaker": true, "isBestMatch": true}, {"id": 38295711, "price": "0.48030000", "qty": "131.90000000", "quoteQty": "63.35157000", "time": 1692844688767, "isBuyerMaker": true, "isBestMatch": true}, {"id": 38295712, "price": "0.48040000", "qty": "56.80000000", "quoteQty": "27.28672000", "time": 1692844690173, "isBuyerMaker": false, "isBestMatch": true}, {"id": 38295713, "price": "0.48050000", "qty": "929.00000000", "quoteQty": "446.38450000", "time": 1692844701449, "isBuyerMaker": false, "isBestMatch": true}, {"id": 38295714, "price": "0.48040000", "qty": "27.40000000", "quoteQty": "13.16296000", "time": 1692844701494, "isBuyerMaker": true, "isBestMatch": true}, {"id": 38295715, "price": "0.48040000", "qty": "57.50000000", "quoteQty": "27.62300000", "time": 1692844701494, "isBuyerMaker": true, "isBestMatch": true}, {"id": 38295716, "price": "0.48040000", "qty": "134.00000000", "quoteQty": "64.37360000", "time": 1692844712897, "isBuyerMaker": true, "isBestMatch": true}, {"id": 38295717, "price": "0.48050000", "qty": "75.70000000", "quoteQty": "36.37385000", "time": 1692844722430, "isBuyerMaker": false, "isBestMatch": true}, {"id": 38295718, "price": "0.48050000", "qty": "263.30000000", "quoteQty": "126.51565000", "time": 1692844722430, "isBuyerMaker": false, "isBestMatch": true}, {"id": 38295719, "price": "0.48050000", "qty": "260.70000000", "quoteQty": "125.26635000", "time": 1692844722434, "isBuyerMaker": false, "isBestMatch": true}, {"id": 38295720, "price": "0.48050000", "qty": "26.10000000", "quoteQty": "12.54105000", "time": 1692844724333, "isBuyerMaker": true, "isBestMatch": true}, {"id": 38295721, "price": "0.48050000", "qty": "25.90000000", "quoteQty": "12.44495000", "time": 1692844724333, "isBuyerMaker": true, "isBestMatch": true}, {"id": 38295722, "price": "0.48060000", "qty": "55.00000000", "quoteQty": "26.43300000", "time": 1692844725450, "isBuyerMaker": false, "isBestMatch": true}, {"id": 38295723, "price": "0.48060000", "qty": "503.00000000", "quoteQty": "241.74180000", "time": 1692844727442, "isBuyerMaker": false, "isBestMatch": true}, {"id": 38295724, "price": "0.48070000", "qty": "966.20000000", "quoteQty": "464.45234000", "time": 1692844727483, "isBuyerMaker": false, "isBestMatch": true}, {"id": 38295725, "price": "0.48080000", "qty": "383.00000000", "quoteQty": "184.14640000", "time": 1692844727487, "isBuyerMaker": false, "isBestMatch": true}, {"id": 38295726, "price": "0.48080000", "qty": "1669.00000000", "quoteQty": "802.45520000", "time": 1692844727623, "isBuyerMaker": false, "isBestMatch": true}, {"id": 38295727, "price": "0.48080000", "qty": "1040.30000000", "quoteQty": "500.17624000", "time": 1692844727623, "isBuyerMaker": false, "isBestMatch": true}, {"id": 38295728, "price": "0.48090000", "qty": "807.00000000", "quoteQty": "388.08630000", "time": 1692844727628, "isBuyerMaker": false, "isBestMatch": true}, {"id": 38295729, "price": "0.48090000", "qty": "567.70000000", "quoteQty": "273.00693000", "time": 1692844727632, "isBuyerMaker": false, "isBestMatch": true}, {"id": 38295730, "price": "0.48090000", "qty": "239.30000000", "quoteQty": "115.07937000", "time": 1692844727632, "isBuyerMaker": false, "isBestMatch": true}, {"id": 38295731, "price": "0.48090000", "qty": "665.00000000", "quoteQty": "319.79850000", "time": 1692844727643, "isBuyerMaker": false, "isBestMatch": true}, {"id": 38295732, "price": "0.48090000", "qty": "45.70000000", "quoteQty": "21.97713000", "time": 1692844727648, "isBuyerMaker": false, "isBestMatch": true}, {"id": 38295733, "price": "0.48100000", "qty": "14.30000000", "quoteQty": "6.87830000", "time": 1692844727648, "isBuyerMaker": false, "isBestMatch": true}, {"id": 38295734, "price": "0.48080000", "qty": "250.40000000", "quoteQty": "120.39232000", "time": 1692844727648, "isBuyerMaker": true, "isBestMatch": true}, {"id": 38295735, "price": "0.48100000", "qty": "665.00000000", "quoteQty": "319.86500000", "time": 1692844727650, "isBuyerMaker": false, "isBestMatch": true}, {"id": 38295736, "price": "0.48100000", "qty": "950.00000000", "quoteQty": "456.95000000", "time": 1692844727668, "isBuyerMaker": false, "isBestMatch": true}, {"id": 38295737, "price": "0.48110000", "qty": "227.00000000", "quoteQty": "109.20970000", "time": 1692844727668, "isBuyerMaker": false, "isBestMatch": true}, {"id": 38295738, "price": "0.48080000", "qty": "520.50000000", "quoteQty": "250.25640000", "time": 1692844727777, "isBuyerMaker": true, "isBestMatch": true}, {"id": 38295739, "price": "0.48080000", "qty": "678.00000000", "quoteQty": "325.98240000", "time": 1692844727777, "isBuyerMaker": true, "isBestMatch": true}, {"id": 38295740, "price": "0.48090000", "qty": "155.00000000", "quoteQty": "74.53950000", "time": 1692844728380, "isBuyerMaker": false, "isBestMatch": true}, {"id": 38295741, "price": "0.48090000", "qty": "928.20000000", "quoteQty": "446.37138000", "time": 1692844729032, "isBuyerMaker": true, "isBestMatch": true}, {"id": 38295742, "price": "0.48110000", "qty": "143.00000000", "quoteQty": "68.79730000", "time": 1692844729417, "isBuyerMaker": false, "isBestMatch": true}, {"id": 38295743, "price": "0.48100000", "qty": "87.10000000", "quoteQty": "41.89510000", "time": 1692844735745, "isBuyerMaker": true, "isBestMatch": true}, {"id": 38295744, "price": "0.48090000", "qty": "102.70000000", "quoteQty": "49.38843000", "time": 1692844746948, "isBuyerMaker": true, "isBestMatch": true}, {"id": 38295745, "price": "0.48090000", "qty": "53.80000000", "quoteQty": "25.87242000", "time": 1692844759014, "isBuyerMaker": true, "isBestMatch": true}, {"id": 38295746, "price": "0.48080000", "qty": "65.00000000", "quoteQty": "31.25200000", "time": 1692844768582, "isBuyerMaker": false, "isBestMatch": true}, {"id": 38295747, "price": "0.48090000", "qty": "189.00000000", "quoteQty": "90.89010000", "time": 1692844768582, "isBuyerMaker": false, "isBestMatch": true}, {"id": 38295748, "price": "0.48080000", "qty": "65.00000000", "quoteQty": "31.25200000", "time": 1692844770198, "isBuyerMaker": true, "isBestMatch": true}, {"id": 38295749, "price": "0.48080000", "qty": "111.10000000", "quoteQty": "53.41688000", "time": 1692844781832, "isBuyerMaker": true, "isBestMatch": true}, {"id": 38295750, "price": "0.48090000", "qty": "20.70000000", "quoteQty": "9.95463000", "time": 1692844788614, "isBuyerMaker": false, "isBestMatch": true}, {"id": 38295751, "price": "0.48080000", "qty": "116.40000000", "quoteQty": "55.96512000", "time": 1692844793010, "isBuyerMaker": true, "isBestMatch": true}, {"id": 38295752, "price": "0.48090000", "qty": "45.90000000", "quoteQty": "22.07331000", "time": 1692844801223, "isBuyerMaker": false, "isBestMatch": true}, {"id": 38295753, "price": "0.48100000", "qty": "566.10000000", "quoteQty": "272.29410000", "time": 1692844801223, "isBuyerMaker": false, "isBestMatch": true}, {"id": 38295754, "price": "0.48090000", "qty": "51.70000000", "quoteQty": "24.86253000", "time": 1692844805054, "isBuyerMaker": true, "isBestMatch": true}, {"id": 38295755, "price": "0.48080000", "qty": "51.90000000", "quoteQty": "24.95352000", "time": 1692844817088, "isBuyerMaker": true, "isBestMatch": true}, {"id": 38295756, "price": "0.48080000", "qty": "42.80000000", "quoteQty": "20.57824000", "time": 1692844828485, "isBuyerMaker": true, "isBestMatch": true}, {"id": 38295757, "price": "0.48080000", "qty": "4.60000000", "quoteQty": "2.21168000", "time": 1692844839678, "isBuyerMaker": true, "isBestMatch": true}, {"id": 38295758, "price": "0.48070000", "qty": "126.60000000", "quoteQty": "60.85662000", "time": 1692844839678, "isBuyerMaker": true, "isBestMatch": true}, {"id": 38295759, "price": "0.48070000", "qty": "111.30000000", "quoteQty": "53.50191000", "time": 1692844851090, "isBuyerMaker": true, "isBestMatch": true}, {"id": 38295760, "price": "0.48060000", "qty": "65.70000000", "quoteQty": "31.57542000", "time": 1692844863143, "isBuyerMaker": true, "isBestMatch": true}, {"id": 38295761, "price": "0.48060000", "qty": "1094.00000000", "quoteQty": "525.77640000", "time": 1692844871379, "isBuyerMaker": true, "isBestMatch": true}, {"id": 38295762, "price": "0.48040000", "qty": "84.40000000", "quoteQty": "40.54576000", "time": 1692844874779, "isBuyerMaker": true, "isBestMatch": true}, {"id": 38295763, "price": "0.48030000", "qty": "132.00000000", "quoteQty": "63.39960000", "time": 1692844887453, "isBuyerMaker": true, "isBestMatch": true}, {"id": 38295764, "price": "0.48030000", "qty": "76.20000000", "quoteQty": "36.59886000", "time": 1692844899076, "isBuyerMaker": true, "isBestMatch": true}, {"id": 38295765, "price": "0.48040000", "qty": "146.20000000", "quoteQty": "70.23448000", "time": 1692844910260, "isBuyerMaker": true, "isBestMatch": true}, {"id": 38295766, "price": "0.48040000", "qty": "133.60000000", "quoteQty": "64.18144000", "time": 1692844921668, "isBuyerMaker": true, "isBestMatch": true}, {"id": 38295767, "price": "0.48030000", "qty": "105.80000000", "quoteQty": "50.81574000", "time": 1692844933068, "isBuyerMaker": true, "isBestMatch": true}, {"id": 38295768, "price": "0.48030000", "qty": "50.20000000", "quoteQty": "24.11106000", "time": 1692844944485, "isBuyerMaker": true, "isBestMatch": true}, {"id": 38295769, "price": "0.48030000", "qty": "85.00000000", "quoteQty": "40.82550000", "time": 1692844957338, "isBuyerMaker": true, "isBestMatch": true}, {"id": 38295770, "price": "0.48030000", "qty": "46.10000000", "quoteQty": "22.14183000", "time": 1692844957338, "isBuyerMaker": true, "isBestMatch": true}, {"id": 38295771, "price": "0.48030000", "qty": "46.60000000", "quoteQty": "22.38198000", "time": 1692844968748, "isBuyerMaker": true, "isBestMatch": true}, {"id": 38295772, "price": "0.48040000", "qty": "26.20000000", "quoteQty": "12.58648000", "time": 1692844971837, "isBuyerMaker": false, "isBestMatch": true}, {"id": 38295773, "price": "0.48050000", "qty": "181.80000000", "quoteQty": "87.35490000", "time": 1692844971837, "isBuyerMaker": false, "isBestMatch": true}, {"id": 38295774, "price": "0.48040000", "qty": "55.40000000", "quoteQty": "26.61416000", "time": 1692844980158, "isBuyerMaker": true, "isBestMatch": true}, {"id": 38295775, "price": "0.48040000", "qty": "138.90000000", "quoteQty": "66.72756000", "time": 1692844991772, "isBuyerMaker": true, "isBestMatch": true}, {"id": 38295776, "price": "0.48030000", "qty": "81.00000000", "quoteQty": "38.90430000", "time": 1692845004013, "isBuyerMaker": true, "isBestMatch": true}, {"id": 38295777, "price": "0.48040000", "qty": "102.70000000", "quoteQty": "49.33708000", "time": 1692845016084, "isBuyerMaker": true, "isBestMatch": true}, {"id": 38295778, "price": "0.48040000", "qty": "80.40000000", "quoteQty": "38.62416000", "time": 1692845027701, "isBuyerMaker": true, "isBestMatch": true}, {"id": 38295779, "price": "0.48040000", "qty": "131.20000000", "quoteQty": "63.02848000", "time": 1692845039321, "isBuyerMaker": true, "isBestMatch": true}, {"id": 38295780, "price": "0.48040000", "qty": "140.60000000", "quoteQty": "67.54424000", "time": 1692845050732, "isBuyerMaker": true, "isBestMatch": true}, {"id": 38295781, "price": "0.48050000", "qty": "412.00000000", "quoteQty": "197.96600000", "time": 1692845057009, "isBuyerMaker": false, "isBestMatch": true}, {"id": 38295782, "price": "0.48050000", "qty": "55.90000000", "quoteQty": "26.85995000", "time": 1692845057028, "isBuyerMaker": false, "isBestMatch": true}, {"id": 38295783, "price": "0.48050000", "qty": "361.10000000", "quoteQty": "173.50855000", "time": 1692845057028, "isBuyerMaker": false, "isBestMatch": true}, {"id": 38295784, "price": "0.48040000", "qty": "146.00000000", "quoteQty": "70.13840000", "time": 1692845062771, "isBuyerMaker": true, "isBestMatch": true}, {"id": 38295785, "price": "0.48040000", "qty": "120.40000000", "quoteQty": "57.84016000", "time": 1692845074162, "isBuyerMaker": true, "isBestMatch": true}, {"id": 38295786, "price": "0.48040000", "qty": "31.70000000", "quoteQty": "15.22868000", "time": 1692845085772, "isBuyerMaker": true, "isBestMatch": true}, {"id": 38295787, "price": "0.48040000", "qty": "12.20000000", "quoteQty": "5.86088000", "time": 1692845085772, "isBuyerMaker": true, "isBestMatch": true}, {"id": 38295788, "price": "0.48040000", "qty": "68.90000000", "quoteQty": "33.09956000", "time": 1692845097995, "isBuyerMaker": true, "isBestMatch": true}, {"id": 38295789, "price": "0.48030000", "qty": "87.30000000", "quoteQty": "41.93019000", "time": 1692845109385, "isBuyerMaker": true, "isBestMatch": true}, {"id": 38295790, "price": "0.48040000", "qty": "81.00000000", "quoteQty": "38.91240000", "time": 1692845121216, "isBuyerMaker": true, "isBestMatch": true}, {"id": 38295791, "price": "0.48030000", "qty": "110.30000000", "quoteQty": "52.97709000", "time": 1692845133036, "isBuyerMaker": true, "isBestMatch": true}, {"id": 38295792, "price": "0.48040000", "qty": "27.40000000", "quoteQty": "13.16296000", "time": 1692845138922, "isBuyerMaker": false, "isBestMatch": true}, {"id": 38295793, "price": "0.48040000", "qty": "182.70000000", "quoteQty": "87.76908000", "time": 1692845138922, "isBuyerMaker": false, "isBestMatch": true}, {"id": 38295794, "price": "0.48040000", "qty": "26.10000000", "quoteQty": "12.53844000", "time": 1692845144445, "isBuyerMaker": true, "isBestMatch": true}, {"id": 38295795, "price": "0.48030000", "qty": "44.70000000", "quoteQty": "21.46941000", "time": 1692845144445, "isBuyerMaker": true, "isBestMatch": true}, {"id": 38295796, "price": "0.48030000", "qty": "27.80000000", "quoteQty": "13.35234000", "time": 1692845144445, "isBuyerMaker": true, "isBestMatch": true}, {"id": 38295797, "price": "0.48040000", "qty": "208.00000000", "quoteQty": "99.92320000", "time": 1692845144455, "isBuyerMaker": false, "isBestMatch": true}, {"id": 38295798, "price": "0.48040000", "qty": "208.00000000", "quoteQty": "99.92320000", "time": 1692845147028, "isBuyerMaker": false, "isBestMatch": true}, {"id": 38295799, "price": "0.48040000", "qty": "27.40000000", "quoteQty": "13.16296000", "time": 1692845149607, "isBuyerMaker": false, "isBestMatch": true}, {"id": 38295800, "price": "0.48050000", "qty": "180.60000000", "quoteQty": "86.77830000", "time": 1692845149607, "isBuyerMaker": false, "isBestMatch": true}, {"id": 38295801, "price": "0.48040000", "qty": "27.40000000", "quoteQty": "13.16296000", "time": 1692845151943, "isBuyerMaker": false, "isBestMatch": true}, {"id": 38295802, "price": "0.48050000", "qty": "180.60000000", "quoteQty": "86.77830000", "time": 1692845151943, "isBuyerMaker": false, "isBestMatch": true}, {"id": 38295803, "price": "0.48030000", "qty": "86.50000000", "quoteQty": "41.54595000", "time": 1692845156072, "isBuyerMaker": true, "isBestMatch": true}, {"id": 38295804, "price": "0.48060000", "qty": "250.40000000", "quoteQty": "120.34224000", "time": 1692845167073, "isBuyerMaker": false, "isBestMatch": true}, {"id": 38295805, "price": "0.48060000", "qty": "327.60000000", "quoteQty": "157.44456000", "time": 1692845167073, "isBuyerMaker": false, "isBestMatch": true}, {"id": 38295806, "price": "0.48060000", "qty": "578.00000000", "quoteQty": "277.78680000", "time": 1692845167088, "isBuyerMaker": false, "isBestMatch": true}, {"id": 38295807, "price": "0.48060000", "qty": "29.70000000", "quoteQty": "14.27382000", "time": 1692845167193, "isBuyerMaker": false, "isBestMatch": true}, {"id": 38295808, "price": "0.48080000", "qty": "184.30000000", "quoteQty": "88.61144000", "time": 1692845167193, "isBuyerMaker": false, "isBestMatch": true}, {"id": 38295809, "price": "0.48080000", "qty": "214.00000000", "quoteQty": "102.89120000", "time": 1692845167197, "isBuyerMaker": false, "isBestMatch": true}, {"id": 38295810, "price": "0.48080000", "qty": "252.00000000", "quoteQty": "121.16160000", "time": 1692845167312, "isBuyerMaker": false, "isBestMatch": true}, {"id": 38295811, "price": "0.48080000", "qty": "252.00000000", "quoteQty": "121.16160000", "time": 1692845167317, "isBuyerMaker": false, "isBestMatch": true}, {"id": 38295812, "price": "0.48070000", "qty": "27.40000000", "quoteQty": "13.17118000", "time": 1692845167686, "isBuyerMaker": true, "isBestMatch": true}, {"id": 38295813, "price": "0.48070000", "qty": "46.80000000", "quoteQty": "22.49676000", "time": 1692845167686, "isBuyerMaker": true, "isBestMatch": true}, {"id": 38295814, "price": "0.48070000", "qty": "100.40000000", "quoteQty": "48.26228000", "time": 1692845179509, "isBuyerMaker": true, "isBestMatch": true}, {"id": 38295815, "price": "0.48070000", "qty": "47.10000000", "quoteQty": "22.64097000", "time": 1692845191348, "isBuyerMaker": true, "isBestMatch": true}, {"id": 38295816, "price": "0.48050000", "qty": "65.50000000", "quoteQty": "31.47275000", "time": 1692845203182, "isBuyerMaker": true, "isBestMatch": true}, {"id": 38295817, "price": "0.48060000", "qty": "27.40000000", "quoteQty": "13.16844000", "time": 1692845210523, "isBuyerMaker": false, "isBestMatch": true}, {"id": 38295818, "price": "0.48060000", "qty": "180.60000000", "quoteQty": "86.79636000", "time": 1692845210523, "isBuyerMaker": false, "isBestMatch": true}, {"id": 38295819, "price": "0.48050000", "qty": "145.10000000", "quoteQty": "69.72055000", "time": 1692845214576, "isBuyerMaker": true, "isBestMatch": true}, {"id": 38295820, "price": "0.48040000", "qty": "75.20000000", "quoteQty": "36.12608000", "time": 1692845226454, "isBuyerMaker": true, "isBestMatch": true}, {"id": 38295821, "price": "0.48040000", "qty": "51.10000000", "quoteQty": "24.54844000", "time": 1692845239297, "isBuyerMaker": true, "isBestMatch": true}, {"id": 38295822, "price": "0.48040000", "qty": "79.30000000", "quoteQty": "38.09572000", "time": 1692845251336, "isBuyerMaker": true, "isBestMatch": true}, {"id": 38295823, "price": "0.48040000", "qty": "970.70000000", "quoteQty": "466.32428000", "time": 1692845262731, "isBuyerMaker": true, "isBestMatch": true}, {"id": 38295824, "price": "0.48040000", "qty": "31.10000000", "quoteQty": "14.94044000", "time": 1692845262731, "isBuyerMaker": true, "isBestMatch": true}, {"id": 38295825, "price": "0.48040000", "qty": "209.70000000", "quoteQty": "100.73988000", "time": 1692845270245, "isBuyerMaker": true, "isBestMatch": true}, {"id": 38295826, "price": "0.48040000", "qty": "91.00000000", "quoteQty": "43.71640000", "time": 1692845274134, "isBuyerMaker": true, "isBestMatch": true}, {"id": 38295827, "price": "0.48050000", "qty": "250.40000000", "quoteQty": "120.31720000", "time": 1692845276505, "isBuyerMaker": false, "isBestMatch": true}, {"id": 38295828, "price": "0.48050000", "qty": "55.60000000", "quoteQty": "26.71580000", "time": 1692845276505, "isBuyerMaker": false, "isBestMatch": true}, {"id": 38295829, "price": "0.48050000", "qty": "306.00000000", "quoteQty": "147.03300000", "time": 1692845276517, "isBuyerMaker": false, "isBestMatch": true}, {"id": 38295830, "price": "0.48040000", "qty": "90.40000000", "quoteQty": "43.42816000", "time": 1692845285536, "isBuyerMaker": true, "isBestMatch": true}, {"id": 38295831, "price": "0.48040000", "qty": "12.90000000", "quoteQty": "6.19716000", "time": 1692845296716, "isBuyerMaker": true, "isBestMatch": true}, {"id": 38295832, "price": "0.48040000", "qty": "80.20000000", "quoteQty": "38.52808000", "time": 1692845296716, "isBuyerMaker": true, "isBestMatch": true}, {"id": 38295833, "price": "0.48040000", "qty": "131.00000000", "quoteQty": "62.93240000", "time": 1692845308765, "isBuyerMaker": true, "isBestMatch": true}, {"id": 38295834, "price": "0.48040000", "qty": "27.40000000", "quoteQty": "13.16296000", "time": 1692845320377, "isBuyerMaker": true, "isBestMatch": true}, {"id": 38295835, "price": "0.48040000", "qty": "42.40000000", "quoteQty": "20.36896000", "time": 1692845320377, "isBuyerMaker": true, "isBestMatch": true}, {"id": 38295836, "price": "0.48040000", "qty": "101.30000000", "quoteQty": "48.66452000", "time": 1692845331781, "isBuyerMaker": true, "isBestMatch": true}, {"id": 38295837, "price": "0.48050000", "qty": "33.30000000", "quoteQty": "16.00065000", "time": 1692845333685, "isBuyerMaker": false, "isBestMatch": true}, {"id": 38295838, "price": "0.48060000", "qty": "506.00000000", "quoteQty": "243.18360000", "time": 1692845333688, "isBuyerMaker": false, "isBestMatch": true}, {"id": 38295839, "price": "0.48070000", "qty": "417.00000000", "quoteQty": "200.45190000", "time": 1692845333718, "isBuyerMaker": false, "isBestMatch": true}, {"id": 38295840, "price": "0.48070000", "qty": "89.00000000", "quoteQty": "42.78230000", "time": 1692845333718, "isBuyerMaker": false, "isBestMatch": true}, {"id": 38295841, "price": "0.48060000", "qty": "59.70000000", "quoteQty": "28.69182000", "time": 1692845343175, "isBuyerMaker": true, "isBestMatch": true}, {"id": 38295842, "price": "0.48070000", "qty": "25.00000000", "quoteQty": "12.01750000", "time": 1692845349501, "isBuyerMaker": false, "isBestMatch": true}, {"id": 38295843, "price": "0.48070000", "qty": "57.20000000", "quoteQty": "27.49604000", "time": 1692845354777, "isBuyerMaker": true, "isBestMatch": true}, {"id": 38295844, "price": "0.48080000", "qty": "865.00000000", "quoteQty": "415.89200000", "time": 1692845361858, "isBuyerMaker": false, "isBestMatch": true}, {"id": 38295845, "price": "0.48080000", "qty": "138.00000000", "quoteQty": "66.35040000", "time": 1692845361867, "isBuyerMaker": false, "isBestMatch": true}, {"id": 38295846, "price": "0.48070000", "qty": "119.10000000", "quoteQty": "57.25137000", "time": 1692845366812, "isBuyerMaker": true, "isBestMatch": true}, {"id": 38295847, "price": "0.48060000", "qty": "64.10000000", "quoteQty": "30.80646000", "time": 1692845379255, "isBuyerMaker": true, "isBestMatch": true}, {"id": 38295848, "price": "0.48060000", "qty": "110.80000000", "quoteQty": "53.25048000", "time": 1692845390673, "isBuyerMaker": true, "isBestMatch": true}, {"id": 38295849, "price": "0.48060000", "qty": "100.50000000", "quoteQty": "48.30030000", "time": 1692845402286, "isBuyerMaker": true, "isBestMatch": true}, {"id": 38295850, "price": "0.48070000", "qty": "90.00000000", "quoteQty": "43.26300000", "time": 1692845407324, "isBuyerMaker": false, "isBestMatch": true}, {"id": 38295851, "price": "0.48070000", "qty": "90.00000000", "quoteQty": "43.26300000", "time": 1692845407342, "isBuyerMaker": false, "isBestMatch": true}, {"id": 38295852, "price": "0.48060000", "qty": "46.50000000", "quoteQty": "22.34790000", "time": 1692845413910, "isBuyerMaker": true, "isBestMatch": true}, {"id": 38295853, "price": "0.48060000", "qty": "816.70000000", "quoteQty": "392.50602000", "time": 1692845423425, "isBuyerMaker": true, "isBestMatch": true}, {"id": 38295854, "price": "0.48050000", "qty": "89.20000000", "quoteQty": "42.86060000", "time": 1692845425726, "isBuyerMaker": true, "isBestMatch": true}, {"id": 38295855, "price": "0.48050000", "qty": "918.80000000", "quoteQty": "441.48340000", "time": 1692845427506, "isBuyerMaker": true, "isBestMatch": true}, {"id": 38295856, "price": "0.48040000", "qty": "86.60000000", "quoteQty": "41.60264000", "time": 1692845437109, "isBuyerMaker": true, "isBestMatch": true}, {"id": 38295857, "price": "0.48020000", "qty": "105.60000000", "quoteQty": "50.70912000", "time": 1692845448513, "isBuyerMaker": true, "isBestMatch": true}, {"id": 38295858, "price": "0.48030000", "qty": "27.40000000", "quoteQty": "13.16022000", "time": 1692845459182, "isBuyerMaker": false, "isBestMatch": true}, {"id": 38295859, "price": "0.48030000", "qty": "75.40000000", "quoteQty": "36.21462000", "time": 1692845459699, "isBuyerMaker": true, "isBestMatch": true}, {"id": 38295860, "price": "0.48030000", "qty": "143.60000000", "quoteQty": "68.97108000", "time": 1692845471541, "isBuyerMaker": true, "isBestMatch": true}, {"id": 38295861, "price": "0.48020000", "qty": "38.50000000", "quoteQty": "18.48770000", "time": 1692845482191, "isBuyerMaker": true, "isBestMatch": true}, {"id": 38295862, "price": "0.48020000", "qty": "86.40000000", "quoteQty": "41.48928000", "time": 1692845483137, "isBuyerMaker": true, "isBestMatch": true}, {"id": 38295863, "price": "0.48010000", "qty": "81.20000000", "quoteQty": "38.98412000", "time": 1692845486009, "isBuyerMaker": true, "isBestMatch": true}, {"id": 38295864, "price": "0.48010000", "qty": "33.30000000", "quoteQty": "15.98733000", "time": 1692845486012, "isBuyerMaker": true, "isBestMatch": true}, {"id": 38295865, "price": "0.48000000", "qty": "90.20000000", "quoteQty": "43.29600000", "time": 1692845494532, "isBuyerMaker": true, "isBestMatch": true}, {"id": 38295866, "price": "0.48020000", "qty": "548.00000000", "quoteQty": "263.14960000", "time": 1692845501695, "isBuyerMaker": false, "isBestMatch": true}, {"id": 38295867, "price": "0.48020000", "qty": "220.30000000", "quoteQty": "105.78806000", "time": 1692845501696, "isBuyerMaker": false, "isBestMatch": true}, {"id": 38295868, "price": "0.48020000", "qty": "327.70000000", "quoteQty": "157.36154000", "time": 1692845501696, "isBuyerMaker": false, "isBestMatch": true}, {"id": 38295869, "price": "0.48010000", "qty": "250.40000000", "quoteQty": "120.21704000", "time": 1692845501710, "isBuyerMaker": true, "isBestMatch": true}, {"id": 38295870, "price": "0.48010000", "qty": "27.50000000", "quoteQty": "13.20275000", "time": 1692845501710, "isBuyerMaker": true, "isBestMatch": true}, {"id": 38295871, "price": "0.48010000", "qty": "641.60000000", "quoteQty": "308.03216000", "time": 1692845501710, "isBuyerMaker": true, "isBestMatch": true}, {"id": 38295872, "price": "0.48010000", "qty": "52.00000000", "quoteQty": "24.96520000", "time": 1692845505946, "isBuyerMaker": true, "isBestMatch": true}, {"id": 38295873, "price": "0.48000000", "qty": "74.40000000", "quoteQty": "35.71200000", "time": 1692845518167, "isBuyerMaker": true, "isBestMatch": true}, {"id": 38295874, "price": "0.48010000", "qty": "208.00000000", "quoteQty": "99.86080000", "time": 1692845526420, "isBuyerMaker": false, "isBestMatch": true}, {"id": 38295875, "price": "0.48010000", "qty": "48.90000000", "quoteQty": "23.47689000", "time": 1692845528590, "isBuyerMaker": false, "isBestMatch": true}, {"id": 38295876, "price": "0.48020000", "qty": "227.10000000", "quoteQty": "109.05342000", "time": 1692845528590, "isBuyerMaker": false, "isBestMatch": true}, {"id": 38295877, "price": "0.48020000", "qty": "468.80000000", "quoteQty": "225.11776000", "time": 1692845528618, "isBuyerMaker": false, "isBestMatch": true}, {"id": 38295878, "price": "0.48030000", "qty": "63.00000000", "quoteQty": "30.25890000", "time": 1692845528642, "isBuyerMaker": false, "isBestMatch": true}, {"id": 38295879, "price": "0.48040000", "qty": "166.00000000", "quoteQty": "79.74640000", "time": 1692845528660, "isBuyerMaker": false, "isBestMatch": true}, {"id": 38295880, "price": "0.48040000", "qty": "282.00000000", "quoteQty": "135.47280000", "time": 1692845528662, "isBuyerMaker": false, "isBestMatch": true}, {"id": 38295881, "price": "0.48030000", "qty": "138.40000000", "quoteQty": "66.47352000", "time": 1692845529585, "isBuyerMaker": true, "isBestMatch": true}, {"id": 38295882, "price": "0.48020000", "qty": "59.80000000", "quoteQty": "28.71596000", "time": 1692845540986, "isBuyerMaker": true, "isBestMatch": true}, {"id": 38295883, "price": "0.48020000", "qty": "98.90000000", "quoteQty": "47.49178000", "time": 1692845553015, "isBuyerMaker": true, "isBestMatch": true}, {"id": 38295884, "price": "0.48020000", "qty": "127.00000000", "quoteQty": "60.98540000", "time": 1692845565074, "isBuyerMaker": true, "isBestMatch": true}, {"id": 38295885, "price": "0.48020000", "qty": "48.90000000", "quoteQty": "23.48178000", "time": 1692845576686, "isBuyerMaker": true, "isBestMatch": true}, {"id": 38295886, "price": "0.48020000", "qty": "137.10000000", "quoteQty": "65.83542000", "time": 1692845588308, "isBuyerMaker": true, "isBestMatch": true}, {"id": 38295887, "price": "0.48030000", "qty": "577.80000000", "quoteQty": "277.51734000", "time": 1692845590408, "isBuyerMaker": false, "isBestMatch": true}, {"id": 38295888, "price": "0.48030000", "qty": "52.80000000", "quoteQty": "25.35984000", "time": 1692845590408, "isBuyerMaker": false, "isBestMatch": true}, {"id": 38295889, "price": "0.48020000", "qty": "115.80000000", "quoteQty": "55.60716000", "time": 1692845599698, "isBuyerMaker": true, "isBestMatch": true}, {"id": 38295890, "price": "0.48020000", "qty": "147.40000000", "quoteQty": "70.78148000", "time": 1692845611764, "isBuyerMaker": true, "isBestMatch": true}, {"id": 38295891, "price": "0.48020000", "qty": "111.40000000", "quoteQty": "53.49428000", "time": 1692845623373, "isBuyerMaker": true, "isBestMatch": true}, {"id": 38295892, "price": "0.48040000", "qty": "195.00000000", "quoteQty": "93.67800000", "time": 1692845627578, "isBuyerMaker": false, "isBestMatch": true}, {"id": 38295893, "price": "0.48040000", "qty": "121.00000000", "quoteQty": "58.12840000", "time": 1692845627581, "isBuyerMaker": false, "isBestMatch": true}, {"id": 38295894, "price": "0.48040000", "qty": "65.10000000", "quoteQty": "31.27404000", "time": 1692845632458, "isBuyerMaker": false, "isBestMatch": true}, {"id": 38295895, "price": "0.48030000", "qty": "58.80000000", "quoteQty": "28.24164000", "time": 1692845634992, "isBuyerMaker": true, "isBestMatch": true}, {"id": 38295896, "price": "0.48060000", "qty": "498.00000000", "quoteQty": "239.33880000", "time": 1692845660547, "isBuyerMaker": false, "isBestMatch": true}, {"id": 38295897, "price": "0.48060000", "qty": "379.00000000", "quoteQty": "182.14740000", "time": 1692845660571, "isBuyerMaker": false, "isBestMatch": true}, {"id": 38295898, "price": "0.48060000", "qty": "355.00000000", "quoteQty": "170.61300000", "time": 1692845660575, "isBuyerMaker": false, "isBestMatch": true}, {"id": 38295899, "price": "0.48070000", "qty": "83.00000000", "quoteQty": "39.89810000", "time": 1692845667721, "isBuyerMaker": false, "isBestMatch": true}, {"id": 38295900, "price": "0.48070000", "qty": "83.00000000", "quoteQty": "39.89810000", "time": 1692845667738, "isBuyerMaker": false, "isBestMatch": true}, {"id": 38295901, "price": "0.48070000", "qty": "21.80000000", "quoteQty": "10.47926000", "time": 1692845692024, "isBuyerMaker": false, "isBestMatch": true}, {"id": 38295902, "price": "0.48060000", "qty": "348.20000000", "quoteQty": "167.34492000", "time": 1692845699122, "isBuyerMaker": true, "isBestMatch": true}, {"id": 38295903, "price": "0.48060000", "qty": "227.20000000", "quoteQty": "109.19232000", "time": 1692845699122, "isBuyerMaker": true, "isBestMatch": true}, {"id": 38295904, "price": "0.48060000", "qty": "273.40000000", "quoteQty": "131.39604000", "time": 1692845699122, "isBuyerMaker": true, "isBestMatch": true}, {"id": 38295905, "price": "0.48060000", "qty": "393.50000000", "quoteQty": "189.11610000", "time": 1692845699122, "isBuyerMaker": true, "isBestMatch": true}, {"id": 38295906, "price": "0.48050000", "qty": "1612.30000000", "quoteQty": "774.71015000", "time": 1692845699126, "isBuyerMaker": true, "isBestMatch": true}, {"id": 38295907, "price": "0.48050000", "qty": "963.00000000", "quoteQty": "462.72150000", "time": 1692845699126, "isBuyerMaker": true, "isBestMatch": true}, {"id": 38295908, "price": "0.48050000", "qty": "549.00000000", "quoteQty": "263.79450000", "time": 1692845699126, "isBuyerMaker": true, "isBestMatch": true}, {"id": 38295909, "price": "0.48050000", "qty": "401.00000000", "quoteQty": "192.68050000", "time": 1692845699128, "isBuyerMaker": true, "isBestMatch": true}, {"id": 38295910, "price": "0.48050000", "qty": "1600.00000000", "quoteQty": "768.80000000", "time": 1692845699128, "isBuyerMaker": true, "isBestMatch": true}, {"id": 38295911, "price": "0.48050000", "qty": "992.90000000", "quoteQty": "477.08845000", "time": 1692845699128, "isBuyerMaker": true, "isBestMatch": true}, {"id": 38295912, "price": "0.48050000", "qty": "367.90000000", "quoteQty": "176.77595000", "time": 1692845699129, "isBuyerMaker": true, "isBestMatch": true}, {"id": 38295913, "price": "0.48050000", "qty": "239.20000000", "quoteQty": "114.93560000", "time": 1692845699131, "isBuyerMaker": true, "isBestMatch": true}, {"id": 38295914, "price": "0.48050000", "qty": "374.80000000", "quoteQty": "180.09140000", "time": 1692845699131, "isBuyerMaker": true, "isBestMatch": true}, {"id": 38295915, "price": "0.48050000", "qty": "159.30000000", "quoteQty": "76.54365000", "time": 1692845699131, "isBuyerMaker": true, "isBestMatch": true}, {"id": 38295916, "price": "0.48050000", "qty": "340.20000000", "quoteQty": "163.46610000", "time": 1692845699132, "isBuyerMaker": true, "isBestMatch": true}, {"id": 38295917, "price": "0.48050000", "qty": "241.00000000", "quoteQty": "115.80050000", "time": 1692845699133, "isBuyerMaker": true, "isBestMatch": true}, {"id": 38295918, "price": "0.48050000", "qty": "484.70000000", "quoteQty": "232.89835000", "time": 1692845699134, "isBuyerMaker": true, "isBestMatch": true}, {"id": 38295919, "price": "0.48060000", "qty": "26.10000000", "quoteQty": "12.54366000", "time": 1692845699135, "isBuyerMaker": true, "isBestMatch": true}, {"id": 38295920, "price": "0.48060000", "qty": "26.10000000", "quoteQty": "12.54366000", "time": 1692845699135, "isBuyerMaker": true, "isBestMatch": true}, {"id": 38295921, "price": "0.48050000", "qty": "409.00000000", "quoteQty": "196.52450000", "time": 1692845699249, "isBuyerMaker": true, "isBestMatch": true}, {"id": 38295922, "price": "0.48050000", "qty": "455.00000000", "quoteQty": "218.62750000", "time": 1692845699249, "isBuyerMaker": true, "isBestMatch": true}, {"id": 38295923, "price": "0.48050000", "qty": "201.90000000", "quoteQty": "97.01295000", "time": 1692845699249, "isBuyerMaker": true, "isBestMatch": true}, {"id": 38295924, "price": "0.48050000", "qty": "252.10000000", "quoteQty": "121.13405000", "time": 1692845699264, "isBuyerMaker": true, "isBestMatch": true}, {"id": 38295925, "price": "0.48050000", "qty": "29.40000000", "quoteQty": "14.12670000", "time": 1692845699264, "isBuyerMaker": true, "isBestMatch": true}, {"id": 38295926, "price": "0.48050000", "qty": "386.60000000", "quoteQty": "185.76130000", "time": 1692845699264, "isBuyerMaker": true, "isBestMatch": true}, {"id": 38295927, "price": "0.48050000", "qty": "490.00000000", "quoteQty": "235.44500000", "time": 1692845699264, "isBuyerMaker": true, "isBestMatch": true}, {"id": 38295928, "price": "0.48050000", "qty": "457.00000000", "quoteQty": "219.58850000", "time": 1692845699264, "isBuyerMaker": true, "isBestMatch": true}, {"id": 38295929, "price": "0.48050000", "qty": "322.70000000", "quoteQty": "155.05735000", "time": 1692845699264, "isBuyerMaker": true, "isBestMatch": true}, {"id": 38295930, "price": "0.48050000", "qty": "169.30000000", "quoteQty": "81.34865000", "time": 1692845699266, "isBuyerMaker": true, "isBestMatch": true}, {"id": 38295931, "price": "0.48040000", "qty": "128.60000000", "quoteQty": "61.77944000", "time": 1692845699266, "isBuyerMaker": true, "isBestMatch": true}, {"id": 38295932, "price": "0.48040000", "qty": "417.70000000", "quoteQty": "200.66308000", "time": 1692845699267, "isBuyerMaker": true, "isBestMatch": true}, {"id": 38295933, "price": "0.48040000", "qty": "27.40000000", "quoteQty": "13.16296000", "time": 1692845700525, "isBuyerMaker": false, "isBestMatch": true}, {"id": 38295934, "price": "0.48050000", "qty": "27.40000000", "quoteQty": "13.16570000", "time": 1692845700525, "isBuyerMaker": false, "isBestMatch": true}, {"id": 38295935, "price": "0.48050000", "qty": "160.20000000", "quoteQty": "76.97610000", "time": 1692845700525, "isBuyerMaker": false, "isBestMatch": true}, {"id": 38295936, "price": "0.48050000", "qty": "161.00000000", "quoteQty": "77.36050000", "time": 1692845700738, "isBuyerMaker": false, "isBestMatch": true}, {"id": 38295937, "price": "0.48050000", "qty": "93.00000000", "quoteQty": "44.68650000", "time": 1692845701064, "isBuyerMaker": false, "isBestMatch": true}, {"id": 38295938, "price": "0.48030000", "qty": "924.00000000", "quoteQty": "443.79720000", "time": 1692845706336, "isBuyerMaker": true, "isBestMatch": true}, {"id": 38295939, "price": "0.48020000", "qty": "642.60000000", "quoteQty": "308.57652000", "time": 1692845707526, "isBuyerMaker": true, "isBestMatch": true}, {"id": 38295940, "price": "0.48020000", "qty": "294.90000000", "quoteQty": "141.61098000", "time": 1692845707526, "isBuyerMaker": true, "isBestMatch": true}, {"id": 38295941, "price": "0.48020000", "qty": "644.40000000", "quoteQty": "309.44088000", "time": 1692845731309, "isBuyerMaker": true, "isBestMatch": true}, {"id": 38295942, "price": "0.48020000", "qty": "243.60000000", "quoteQty": "116.97672000", "time": 1692845731313, "isBuyerMaker": true, "isBestMatch": true}, {"id": 38295943, "price": "0.48010000", "qty": "244.00000000", "quoteQty": "117.14440000", "time": 1692845731321, "isBuyerMaker": true, "isBestMatch": true}, {"id": 38295944, "price": "0.48020000", "qty": "22.20000000", "quoteQty": "10.66044000", "time": 1692845769102, "isBuyerMaker": false, "isBestMatch": true}, {"id": 38295945, "price": "0.48020000", "qty": "193.80000000", "quoteQty": "93.06276000", "time": 1692845769102, "isBuyerMaker": false, "isBestMatch": true}, {"id": 38295946, "price": "0.48020000", "qty": "216.00000000", "quoteQty": "103.72320000", "time": 1692845769103, "isBuyerMaker": false, "isBestMatch": true}, {"id": 38295947, "price": "0.48020000", "qty": "209.10000000", "quoteQty": "100.40982000", "time": 1692845769107, "isBuyerMaker": false, "isBestMatch": true}, {"id": 38295948, "price": "0.48030000", "qty": "151.00000000", "quoteQty": "72.52530000", "time": 1692845829913, "isBuyerMaker": false, "isBestMatch": true}, {"id": 38295949, "price": "0.48030000", "qty": "151.00000000", "quoteQty": "72.52530000", "time": 1692845829922, "isBuyerMaker": false, "isBestMatch": true}, {"id": 38295950, "price": "0.48030000", "qty": "98.70000000", "quoteQty": "47.40561000", "time": 1692845829927, "isBuyerMaker": false, "isBestMatch": true}, {"id": 38295951, "price": "0.48030000", "qty": "468.80000000", "quoteQty": "225.16464000", "time": 1692845849170, "isBuyerMaker": true, "isBestMatch": true}, {"id": 38295952, "price": "0.48050000", "qty": "174.00000000", "quoteQty": "83.60700000", "time": 1692845860199, "isBuyerMaker": false, "isBestMatch": true}, {"id": 38295953, "price": "0.48050000", "qty": "204.00000000", "quoteQty": "98.02200000", "time": 1692845860211, "isBuyerMaker": false, "isBestMatch": true}, {"id": 38295954, "price": "0.48060000", "qty": "89.30000000", "quoteQty": "42.91758000", "time": 1692845899361, "isBuyerMaker": false, "isBestMatch": true}, {"id": 38295955, "price": "0.48060000", "qty": "327.70000000", "quoteQty": "157.49262000", "time": 1692845899362, "isBuyerMaker": false, "isBestMatch": true}, {"id": 38295956, "price": "0.48080000", "qty": "371.00000000", "quoteQty": "178.37680000", "time": 1692845899385, "isBuyerMaker": false, "isBestMatch": true}, {"id": 38295957, "price": "0.48080000", "qty": "371.00000000", "quoteQty": "178.37680000", "time": 1692845899399, "isBuyerMaker": false, "isBestMatch": true}, {"id": 38295958, "price": "0.48090000", "qty": "319.00000000", "quoteQty": "153.40710000", "time": 1692845903892, "isBuyerMaker": false, "isBestMatch": true}, {"id": 38295959, "price": "0.48090000", "qty": "319.00000000", "quoteQty": "153.40710000", "time": 1692845903904, "isBuyerMaker": false, "isBestMatch": true}, {"id": 38295960, "price": "0.48090000", "qty": "83.30000000", "quoteQty": "40.05897000", "time": 1692845903904, "isBuyerMaker": false, "isBestMatch": true}, {"id": 38295961, "price": "0.48090000", "qty": "718.50000000", "quoteQty": "345.52665000", "time": 1692845903904, "isBuyerMaker": false, "isBestMatch": true}, {"id": 38295962, "price": "0.48100000", "qty": "103.50000000", "quoteQty": "49.78350000", "time": 1692845904469, "isBuyerMaker": false, "isBestMatch": true}, {"id": 38295963, "price": "0.48100000", "qty": "120.50000000", "quoteQty": "57.96050000", "time": 1692845904469, "isBuyerMaker": false, "isBestMatch": true}, {"id": 38295964, "price": "0.48100000", "qty": "160.00000000", "quoteQty": "76.96000000", "time": 1692845904470, "isBuyerMaker": false, "isBestMatch": true}, {"id": 38295965, "price": "0.48080000", "qty": "118.00000000", "quoteQty": "56.73440000", "time": 1692846002468, "isBuyerMaker": false, "isBestMatch": true}, {"id": 38295966, "price": "0.48080000", "qty": "7.60000000", "quoteQty": "3.65408000", "time": 1692846002527, "isBuyerMaker": false, "isBestMatch": true}, {"id": 38295967, "price": "0.48090000", "qty": "110.40000000", "quoteQty": "53.09136000", "time": 1692846002527, "isBuyerMaker": false, "isBestMatch": true}, {"id": 38295968, "price": "0.48100000", "qty": "215.00000000", "quoteQty": "103.41500000", "time": 1692846003078, "isBuyerMaker": false, "isBestMatch": true}, {"id": 38295969, "price": "0.48110000", "qty": "605.70000000", "quoteQty": "291.40227000", "time": 1692846028820, "isBuyerMaker": false, "isBestMatch": true}, {"id": 38295970, "price": "0.48110000", "qty": "223.30000000", "quoteQty": "107.42963000", "time": 1692846028820, "isBuyerMaker": false, "isBestMatch": true}, {"id": 38295971, "price": "0.48110000", "qty": "72.00000000", "quoteQty": "34.63920000", "time": 1692846044593, "isBuyerMaker": false, "isBestMatch": true}, {"id": 38295972, "price": "0.48100000", "qty": "103.00000000", "quoteQty": "49.54300000", "time": 1692846046341, "isBuyerMaker": false, "isBestMatch": true}, {"id": 38295973, "price": "0.48100000", "qty": "40.00000000", "quoteQty": "19.24000000", "time": 1692846046601, "isBuyerMaker": false, "isBestMatch": true}, {"id": 38295974, "price": "0.48100000", "qty": "27.40000000", "quoteQty": "13.17940000", "time": 1692846046970, "isBuyerMaker": false, "isBestMatch": true}, {"id": 38295975, "price": "0.48100000", "qty": "68.60000000", "quoteQty": "32.99660000", "time": 1692846046970, "isBuyerMaker": false, "isBestMatch": true}, {"id": 38295976, "price": "0.48110000", "qty": "490.20000000", "quoteQty": "235.83522000", "time": 1692846160797, "isBuyerMaker": false, "isBestMatch": true}, {"id": 38295977, "price": "0.48120000", "qty": "84.00000000", "quoteQty": "40.42080000", "time": 1692846160850, "isBuyerMaker": false, "isBestMatch": true}, {"id": 38295978, "price": "0.48120000", "qty": "19.60000000", "quoteQty": "9.43152000", "time": 1692846160857, "isBuyerMaker": false, "isBestMatch": true}, {"id": 38295979, "price": "0.48120000", "qty": "64.40000000", "quoteQty": "30.98928000", "time": 1692846160857, "isBuyerMaker": false, "isBestMatch": true}, {"id": 38295980, "price": "0.48120000", "qty": "66.70000000", "quoteQty": "32.09604000", "time": 1692846161651, "isBuyerMaker": true, "isBestMatch": true}, {"id": 38295981, "price": "0.48110000", "qty": "28.40000000", "quoteQty": "13.66324000", "time": 1692846305590, "isBuyerMaker": false, "isBestMatch": true}, {"id": 38295982, "price": "0.48120000", "qty": "455.10000000", "quoteQty": "218.99412000", "time": 1692846305590, "isBuyerMaker": false, "isBestMatch": true}, {"id": 38295983, "price": "0.48120000", "qty": "471.20000000", "quoteQty": "226.74144000", "time": 1692846305590, "isBuyerMaker": false, "isBestMatch": true}, {"id": 38295984, "price": "0.48120000", "qty": "1253.70000000", "quoteQty": "603.28044000", "time": 1692846305590, "isBuyerMaker": false, "isBestMatch": true}, {"id": 38295985, "price": "0.48120000", "qty": "65.80000000", "quoteQty": "31.66296000", "time": 1692846305590, "isBuyerMaker": false, "isBestMatch": true}, {"id": 38295986, "price": "0.48130000", "qty": "94.00000000", "quoteQty": "45.24220000", "time": 1692846305656, "isBuyerMaker": false, "isBestMatch": true}