[{"id": 38343616, "price": "0.47050000", "qty": "400.00000000", "quoteQty": "188.20000000", "time": 1693148644249, "isBuyerMaker": false, "isBestMatch": true}, {"id": 38343617, "price": "0.47050000", "qty": "68.50000000", "quoteQty": "32.22925000", "time": 1693148644249, "isBuyerMaker": false, "isBestMatch": true}, {"id": 38343618, "price": "0.47050000", "qty": "531.60000000", "quoteQty": "250.11780000", "time": 1693148657663, "isBuyerMaker": true, "isBestMatch": true}, {"id": 38343619, "price": "0.47030000", "qty": "229.00000000", "quoteQty": "107.69870000", "time": 1693148658732, "isBuyerMaker": true, "isBestMatch": true}, {"id": 38343620, "price": "0.47050000", "qty": "51.20000000", "quoteQty": "24.08960000", "time": 1693148691938, "isBuyerMaker": true, "isBestMatch": true}, {"id": 38343621, "price": "0.47050000", "qty": "480.40000000", "quoteQty": "226.02820000", "time": 1693148694241, "isBuyerMaker": true, "isBestMatch": true}, {"id": 38343622, "price": "0.47030000", "qty": "531.80000000", "quoteQty": "250.10554000", "time": 1693148699012, "isBuyerMaker": true, "isBestMatch": true}, {"id": 38343623, "price": "0.47050000", "qty": "2367.90000000", "quoteQty": "1114.09695000", "time": 1693148734296, "isBuyerMaker": false, "isBestMatch": true}, {"id": 38343624, "price": "0.47050000", "qty": "570.60000000", "quoteQty": "268.46730000", "time": 1693148734299, "isBuyerMaker": false, "isBestMatch": true}, {"id": 38343625, "price": "0.47050000", "qty": "439.10000000", "quoteQty": "206.59655000", "time": 1693148781540, "isBuyerMaker": true, "isBestMatch": true}, {"id": 38343626, "price": "0.47050000", "qty": "1232.10000000", "quoteQty": "579.70305000", "time": 1693148781540, "isBuyerMaker": true, "isBestMatch": true}, {"id": 38343627, "price": "0.47050000", "qty": "864.40000000", "quoteQty": "406.70020000", "time": 1693148781540, "isBuyerMaker": true, "isBestMatch": true}, {"id": 38343628, "price": "0.47050000", "qty": "531.60000000", "quoteQty": "250.11780000", "time": 1693148781540, "isBuyerMaker": true, "isBestMatch": true}, {"id": 38343629, "price": "0.47050000", "qty": "617.80000000", "quoteQty": "290.67490000", "time": 1693148781540, "isBuyerMaker": true, "isBestMatch": true}, {"id": 38343630, "price": "0.47050000", "qty": "79.30000000", "quoteQty": "37.31065000", "time": 1693148781545, "isBuyerMaker": false, "isBestMatch": true}, {"id": 38343631, "price": "0.47040000", "qty": "22.80000000", "quoteQty": "10.72512000", "time": 1693148812510, "isBuyerMaker": true, "isBestMatch": true}, {"id": 38343632, "price": "0.47050000", "qty": "39.70000000", "quoteQty": "18.67885000", "time": 1693148823029, "isBuyerMaker": false, "isBestMatch": true}, {"id": 38343633, "price": "0.47050000", "qty": "39.70000000", "quoteQty": "18.67885000", "time": 1693148902383, "isBuyerMaker": false, "isBestMatch": true}, {"id": 38343634, "price": "0.47050000", "qty": "1388.10000000", "quoteQty": "653.10105000", "time": 1693148902383, "isBuyerMaker": false, "isBestMatch": true}, {"id": 38343635, "price": "0.47060000", "qty": "317.30000000", "quoteQty": "149.32138000", "time": 1693148902383, "isBuyerMaker": false, "isBestMatch": true}, {"id": 38343636, "price": "0.47060000", "qty": "1278.40000000", "quoteQty": "601.61504000", "time": 1693148902383, "isBuyerMaker": false, "isBestMatch": true}, {"id": 38343637, "price": "0.47030000", "qty": "255.20000000", "quoteQty": "120.02056000", "time": 1693148985655, "isBuyerMaker": true, "isBestMatch": true}, {"id": 38343638, "price": "0.47030000", "qty": "63.70000000", "quoteQty": "29.95811000", "time": 1693148985658, "isBuyerMaker": true, "isBestMatch": true}, {"id": 38343639, "price": "0.47020000", "qty": "199.20000000", "quoteQty": "93.66384000", "time": 1693148985676, "isBuyerMaker": true, "isBestMatch": true}, {"id": 38343640, "price": "0.47020000", "qty": "332.60000000", "quoteQty": "156.38852000", "time": 1693148985676, "isBuyerMaker": true, "isBestMatch": true}, {"id": 38343641, "price": "0.47030000", "qty": "88.40000000", "quoteQty": "41.57452000", "time": 1693149017973, "isBuyerMaker": false, "isBestMatch": true}, {"id": 38343642, "price": "0.47030000", "qty": "23.10000000", "quoteQty": "10.86393000", "time": 1693149021297, "isBuyerMaker": false, "isBestMatch": true}, {"id": 38343643, "price": "0.47050000", "qty": "45.70000000", "quoteQty": "21.50185000", "time": 1693149028335, "isBuyerMaker": true, "isBestMatch": true}, {"id": 38343644, "price": "0.47050000", "qty": "131.50000000", "quoteQty": "61.87075000", "time": 1693149028335, "isBuyerMaker": true, "isBestMatch": true}, {"id": 38343645, "price": "0.47060000", "qty": "250.40000000", "quoteQty": "117.83824000", "time": 1693149039860, "isBuyerMaker": true, "isBestMatch": true}, {"id": 38343646, "price": "0.47060000", "qty": "74.00000000", "quoteQty": "34.82440000", "time": 1693149039860, "isBuyerMaker": true, "isBestMatch": true}, {"id": 38343647, "price": "0.47060000", "qty": "286.60000000", "quoteQty": "134.87396000", "time": 1693149047475, "isBuyerMaker": true, "isBestMatch": true}, {"id": 38343648, "price": "0.47070000", "qty": "42.90000000", "quoteQty": "20.19303000", "time": 1693149049465, "isBuyerMaker": false, "isBestMatch": true}, {"id": 38343649, "price": "0.47070000", "qty": "174.30000000", "quoteQty": "82.04301000", "time": 1693149050551, "isBuyerMaker": false, "isBestMatch": true}, {"id": 38343650, "price": "0.47080000", "qty": "45.70000000", "quoteQty": "21.51556000", "time": 1693149050840, "isBuyerMaker": true, "isBestMatch": true}, {"id": 38343651, "price": "0.47080000", "qty": "118.00000000", "quoteQty": "55.55440000", "time": 1693149050840, "isBuyerMaker": true, "isBestMatch": true}, {"id": 38343652, "price": "0.47080000", "qty": "164.00000000", "quoteQty": "77.21120000", "time": 1693149050844, "isBuyerMaker": true, "isBestMatch": true}, {"id": 38343653, "price": "0.47090000", "qty": "669.00000000", "quoteQty": "315.03210000", "time": 1693149052057, "isBuyerMaker": false, "isBestMatch": true}, {"id": 38343654, "price": "0.47090000", "qty": "250.40000000", "quoteQty": "117.91336000", "time": 1693149074667, "isBuyerMaker": true, "isBestMatch": true}, {"id": 38343655, "price": "0.47090000", "qty": "68.60000000", "quoteQty": "32.30374000", "time": 1693149074667, "isBuyerMaker": true, "isBestMatch": true}, {"id": 38343656, "price": "0.47100000", "qty": "70.00000000", "quoteQty": "32.97000000", "time": 1693149091056, "isBuyerMaker": false, "isBestMatch": true}, {"id": 38343657, "price": "0.47060000", "qty": "319.00000000", "quoteQty": "150.12140000", "time": 1693149120578, "isBuyerMaker": true, "isBestMatch": true}, {"id": 38343658, "price": "0.47030000", "qty": "531.70000000", "quoteQty": "250.05851000", "time": 1693149155145, "isBuyerMaker": true, "isBestMatch": true}, {"id": 38343659, "price": "0.47020000", "qty": "24.40000000", "quoteQty": "11.47288000", "time": 1693149199367, "isBuyerMaker": false, "isBestMatch": true}, {"id": 38343660, "price": "0.47020000", "qty": "1600.00000000", "quoteQty": "752.32000000", "time": 1693149199367, "isBuyerMaker": false, "isBestMatch": true}, {"id": 38343661, "price": "0.47020000", "qty": "1600.00000000", "quoteQty": "752.32000000", "time": 1693149199367, "isBuyerMaker": false, "isBestMatch": true}, {"id": 38343662, "price": "0.47030000", "qty": "23.30000000", "quoteQty": "10.95799000", "time": 1693149222454, "isBuyerMaker": true, "isBestMatch": true}, {"id": 38343663, "price": "0.47030000", "qty": "531.80000000", "quoteQty": "250.10554000", "time": 1693149222454, "isBuyerMaker": true, "isBestMatch": true}, {"id": 38343664, "price": "0.47020000", "qty": "45.70000000", "quoteQty": "21.48814000", "time": 1693149230093, "isBuyerMaker": false, "isBestMatch": true}, {"id": 38343665, "price": "0.47030000", "qty": "45.70000000", "quoteQty": "21.49271000", "time": 1693149230093, "isBuyerMaker": false, "isBestMatch": true}, {"id": 38343666, "price": "0.47030000", "qty": "249.90000000", "quoteQty": "117.52797000", "time": 1693149230093, "isBuyerMaker": false, "isBestMatch": true}, {"id": 38343667, "price": "0.47020000", "qty": "528.90000000", "quoteQty": "248.68878000", "time": 1693149232659, "isBuyerMaker": false, "isBestMatch": true}, {"id": 38343668, "price": "0.47050000", "qty": "1186.40000000", "quoteQty": "558.20120000", "time": 1693149327853, "isBuyerMaker": true, "isBestMatch": true}, {"id": 38343669, "price": "0.47050000", "qty": "250.40000000", "quoteQty": "117.81320000", "time": 1693149327853, "isBuyerMaker": true, "isBestMatch": true}, {"id": 38343670, "price": "0.47050000", "qty": "1063.30000000", "quoteQty": "500.28265000", "time": 1693149327853, "isBuyerMaker": true, "isBestMatch": true}, {"id": 38343671, "price": "0.47050000", "qty": "616.70000000", "quoteQty": "290.15735000", "time": 1693149327853, "isBuyerMaker": true, "isBestMatch": true}, {"id": 38343672, "price": "0.47060000", "qty": "210.60000000", "quoteQty": "99.10836000", "time": 1693149330178, "isBuyerMaker": false, "isBestMatch": true}, {"id": 38343673, "price": "0.47070000", "qty": "172.70000000", "quoteQty": "81.28989000", "time": 1693149433619, "isBuyerMaker": true, "isBestMatch": true}, {"id": 38343674, "price": "0.47080000", "qty": "42.40000000", "quoteQty": "19.96192000", "time": 1693149447938, "isBuyerMaker": false, "isBestMatch": true}, {"id": 38343675, "price": "0.47070000", "qty": "42.40000000", "quoteQty": "19.95768000", "time": 1693149483671, "isBuyerMaker": true, "isBestMatch": true}, {"id": 38343676, "price": "0.47090000", "qty": "45.70000000", "quoteQty": "21.52013000", "time": 1693149493521, "isBuyerMaker": true, "isBestMatch": true}, {"id": 38343677, "price": "0.47090000", "qty": "673.40000000", "quoteQty": "317.10406000", "time": 1693149493521, "isBuyerMaker": true, "isBestMatch": true}, {"id": 38343678, "price": "0.47100000", "qty": "23.00000000", "quoteQty": "10.83300000", "time": 1693149515529, "isBuyerMaker": true, "isBestMatch": true}, {"id": 38343679, "price": "0.47080000", "qty": "166.20000000", "quoteQty": "78.24696000", "time": 1693149562344, "isBuyerMaker": true, "isBestMatch": true}, {"id": 38343680, "price": "0.47090000", "qty": "23.30000000", "quoteQty": "10.97197000", "time": 1693149624854, "isBuyerMaker": false, "isBestMatch": true}, {"id": 38343681, "price": "0.47100000", "qty": "40.60000000", "quoteQty": "19.12260000", "time": 1693149624854, "isBuyerMaker": false, "isBestMatch": true}, {"id": 38343682, "price": "0.47110000", "qty": "504.50000000", "quoteQty": "237.66995000", "time": 1693149630281, "isBuyerMaker": false, "isBestMatch": true}, {"id": 38343683, "price": "0.47120000", "qty": "318.30000000", "quoteQty": "149.98296000", "time": 1693149640968, "isBuyerMaker": false, "isBestMatch": true}, {"id": 38343684, "price": "0.47120000", "qty": "34.60000000", "quoteQty": "16.30352000", "time": 1693149658097, "isBuyerMaker": true, "isBestMatch": true}, {"id": 38343685, "price": "0.47120000", "qty": "214.30000000", "quoteQty": "100.97816000", "time": 1693149670388, "isBuyerMaker": false, "isBestMatch": true}, {"id": 38343686, "price": "0.47090000", "qty": "29.40000000", "quoteQty": "13.84446000", "time": 1693149713314, "isBuyerMaker": true, "isBestMatch": true}, {"id": 38343687, "price": "0.47100000", "qty": "45.70000000", "quoteQty": "21.52470000", "time": 1693149727282, "isBuyerMaker": true, "isBestMatch": true}, {"id": 38343688, "price": "0.47060000", "qty": "45.70000000", "quoteQty": "21.50642000", "time": 1693149968799, "isBuyerMaker": false, "isBestMatch": true}, {"id": 38343689, "price": "0.47060000", "qty": "32.10000000", "quoteQty": "15.10626000", "time": 1693149968799, "isBuyerMaker": false, "isBestMatch": true}, {"id": 38343690, "price": "0.47020000", "qty": "1867.00000000", "quoteQty": "877.86340000", "time": 1693150031594, "isBuyerMaker": true, "isBestMatch": true}, {"id": 38343691, "price": "0.47020000", "qty": "1063.90000000", "quoteQty": "500.24578000", "time": 1693150031594, "isBuyerMaker": true, "isBestMatch": true}, {"id": 38343692, "price": "0.47020000", "qty": "522.50000000", "quoteQty": "245.67950000", "time": 1693150059746, "isBuyerMaker": false, "isBestMatch": true}, {"id": 38343693, "price": "0.47030000", "qty": "800.00000000", "quoteQty": "376.24000000", "time": 1693150077411, "isBuyerMaker": false, "isBestMatch": true}, {"id": 38343694, "price": "0.47030000", "qty": "800.00000000", "quoteQty": "376.24000000", "time": 1693150077411, "isBuyerMaker": false, "isBestMatch": true}, {"id": 38343695, "price": "0.47040000", "qty": "236.60000000", "quoteQty": "111.29664000", "time": 1693150107676, "isBuyerMaker": false, "isBestMatch": true}, {"id": 38343696, "price": "0.47040000", "qty": "461.70000000", "quoteQty": "217.18368000", "time": 1693150107676, "isBuyerMaker": false, "isBestMatch": true}, {"id": 38343697, "price": "0.47030000", "qty": "115.30000000", "quoteQty": "54.22559000", "time": 1693150170269, "isBuyerMaker": true, "isBestMatch": true}, {"id": 38343698, "price": "0.47020000", "qty": "224.70000000", "quoteQty": "105.65394000", "time": 1693150299371, "isBuyerMaker": true, "isBestMatch": true}, {"id": 38343699, "price": "0.47020000", "qty": "22.00000000", "quoteQty": "10.34440000", "time": 1693150308352, "isBuyerMaker": false, "isBestMatch": true}, {"id": 38343700, "price": "0.47010000", "qty": "933.50000000", "quoteQty": "438.83835000", "time": 1693150316241, "isBuyerMaker": true, "isBestMatch": true}, {"id": 38343701, "price": "0.47010000", "qty": "504.50000000", "quoteQty": "237.16545000", "time": 1693150316298, "isBuyerMaker": true, "isBestMatch": true}, {"id": 38343702, "price": "0.47010000", "qty": "281.00000000", "quoteQty": "132.09810000", "time": 1693150316339, "isBuyerMaker": true, "isBestMatch": true}, {"id": 38343703, "price": "0.47010000", "qty": "239.00000000", "quoteQty": "112.35390000", "time": 1693150316339, "isBuyerMaker": true, "isBestMatch": true}, {"id": 38343704, "price": "0.47010000", "qty": "277.00000000", "quoteQty": "130.21770000", "time": 1693150316344, "isBuyerMaker": true, "isBestMatch": true}, {"id": 38343705, "price": "0.47010000", "qty": "32.90000000", "quoteQty": "15.46629000", "time": 1693150327358, "isBuyerMaker": false, "isBestMatch": true}, {"id": 38343706, "price": "0.47010000", "qty": "684.10000000", "quoteQty": "321.59541000", "time": 1693150354789, "isBuyerMaker": true, "isBestMatch": true}, {"id": 38343707, "price": "0.47010000", "qty": "2226.10000000", "quoteQty": "1046.48961000", "time": 1693150354789, "isBuyerMaker": true, "isBestMatch": true}, {"id": 38343708, "price": "0.47000000", "qty": "35.00000000", "quoteQty": "16.45000000", "time": 1693150356858, "isBuyerMaker": true, "isBestMatch": true}, {"id": 38343709, "price": "0.47000000", "qty": "1288.00000000", "quoteQty": "605.36000000", "time": 1693150366016, "isBuyerMaker": true, "isBestMatch": true}, {"id": 38343710, "price": "0.46990000", "qty": "1582.00000000", "quoteQty": "743.38180000", "time": 1693150382477, "isBuyerMaker": true, "isBestMatch": true}, {"id": 38343711, "price": "0.46960000", "qty": "46.80000000", "quoteQty": "21.97728000", "time": 1693150449895, "isBuyerMaker": true, "isBestMatch": true}, {"id": 38343712, "price": "0.46960000", "qty": "26.20000000", "quoteQty": "12.30352000", "time": 1693150457032, "isBuyerMaker": true, "isBestMatch": true}, {"id": 38343713, "price": "0.46950000", "qty": "209.10000000", "quoteQty": "98.17245000", "time": 1693150497217, "isBuyerMaker": true, "isBestMatch": true}, {"id": 38343714, "price": "0.46950000", "qty": "250.40000000", "quoteQty": "117.56280000", "time": 1693150531165, "isBuyerMaker": false, "isBestMatch": true}, {"id": 38343715, "price": "0.46950000", "qty": "271.50000000", "quoteQty": "127.46925000", "time": 1693150531165, "isBuyerMaker": false, "isBestMatch": true}, {"id": 38343716, "price": "0.46950000", "qty": "137.50000000", "quoteQty": "64.55625000", "time": 1693150531165, "isBuyerMaker": false, "isBestMatch": true}, {"id": 38343717, "price": "0.46960000", "qty": "1708.00000000", "quoteQty": "802.07680000", "time": 1693150535536, "isBuyerMaker": false, "isBestMatch": true}, {"id": 38343718, "price": "0.46980000", "qty": "1000.00000000", "quoteQty": "469.80000000", "time": 1693150547908, "isBuyerMaker": false, "isBestMatch": true}, {"id": 38343719, "price": "0.46980000", "qty": "708.00000000", "quoteQty": "332.61840000", "time": 1693150547911, "isBuyerMaker": false, "isBestMatch": true}, {"id": 38343720, "price": "0.47010000", "qty": "1435.00000000", "quoteQty": "674.59350000", "time": 1693150550261, "isBuyerMaker": false, "isBestMatch": true}, {"id": 38343721, "price": "0.47010000", "qty": "352.80000000", "quoteQty": "165.85128000", "time": 1693150596668, "isBuyerMaker": true, "isBestMatch": true}, {"id": 38343722, "price": "0.46980000", "qty": "954.50000000", "quoteQty": "448.42410000", "time": 1693150706636, "isBuyerMaker": true, "isBestMatch": true}, {"id": 38343723, "price": "0.46980000", "qty": "1064.90000000", "quoteQty": "500.29002000", "time": 1693150706646, "isBuyerMaker": true, "isBestMatch": true}, {"id": 38343724, "price": "0.46970000", "qty": "721.60000000", "quoteQty": "338.93552000", "time": 1693150706803, "isBuyerMaker": true, "isBestMatch": true}, {"id": 38343725, "price": "0.46970000", "qty": "702.00000000", "quoteQty": "329.72940000", "time": 1693150708025, "isBuyerMaker": false, "isBestMatch": true}, {"id": 38343726, "price": "0.46970000", "qty": "42.00000000", "quoteQty": "19.72740000", "time": 1693150769626, "isBuyerMaker": true, "isBestMatch": true}, {"id": 38343727, "price": "0.46980000", "qty": "590.80000000", "quoteQty": "277.55784000", "time": 1693150807824, "isBuyerMaker": false, "isBestMatch": true}, {"id": 38343728, "price": "0.46980000", "qty": "1200.00000000", "quoteQty": "563.76000000", "time": 1693150807824, "isBuyerMaker": false, "isBestMatch": true}, {"id": 38343729, "price": "0.46980000", "qty": "1600.00000000", "quoteQty": "751.68000000", "time": 1693150807824, "isBuyerMaker": false, "isBestMatch": true}, {"id": 38343730, "price": "0.47000000", "qty": "639.00000000", "quoteQty": "300.33000000", "time": 1693150825204, "isBuyerMaker": false, "isBestMatch": true}, {"id": 38343731, "price": "0.47010000", "qty": "26.80000000", "quoteQty": "12.59868000", "time": 1693150827118, "isBuyerMaker": false, "isBestMatch": true}, {"id": 38343732, "price": "0.47010000", "qty": "114.90000000", "quoteQty": "54.01449000", "time": 1693150855342, "isBuyerMaker": false, "isBestMatch": true}, {"id": 38343733, "price": "0.47000000", "qty": "118.10000000", "quoteQty": "55.50700000", "time": 1693150922888, "isBuyerMaker": true, "isBestMatch": true}, {"id": 38343734, "price": "0.46980000", "qty": "615.00000000", "quoteQty": "288.92700000", "time": 1693151026008, "isBuyerMaker": true, "isBestMatch": true}, {"id": 38343735, "price": "0.46980000", "qty": "663.80000000", "quoteQty": "311.85324000", "time": 1693151026008, "isBuyerMaker": true, "isBestMatch": true}, {"id": 38343736, "price": "0.46980000", "qty": "409.80000000", "quoteQty": "192.52404000", "time": 1693151026008, "isBuyerMaker": true, "isBestMatch": true}, {"id": 38343737, "price": "0.46990000", "qty": "1233.90000000", "quoteQty": "579.80961000", "time": 1693151041128, "isBuyerMaker": false, "isBestMatch": true}, {"id": 38343738, "price": "0.46990000", "qty": "937.10000000", "quoteQty": "440.34329000", "time": 1693151041128, "isBuyerMaker": false, "isBestMatch": true}, {"id": 38343739, "price": "0.46990000", "qty": "1438.90000000", "quoteQty": "676.13911000", "time": 1693151041128, "isBuyerMaker": false, "isBestMatch": true}, {"id": 38343740, "price": "0.46990000", "qty": "611.00000000", "quoteQty": "287.10890000", "time": 1693151041128, "isBuyerMaker": false, "isBestMatch": true}, {"id": 38343741, "price": "0.46990000", "qty": "1251.40000000", "quoteQty": "588.03286000", "time": 1693151041128, "isBuyerMaker": false, "isBestMatch": true}, {"id": 38343742, "price": "0.47000000", "qty": "590.00000000", "quoteQty": "277.30000000", "time": 1693151041128, "isBuyerMaker": false, "isBestMatch": true}, {"id": 38343743, "price": "0.47000000", "qty": "250.40000000", "quoteQty": "117.68800000", "time": 1693151041128, "isBuyerMaker": false, "isBestMatch": true}, {"id": 38343744, "price": "0.47000000", "qty": "1480.00000000", "quoteQty": "695.60000000", "time": 1693151041128, "isBuyerMaker": false, "isBestMatch": true}, {"id": 38343745, "price": "0.47000000", "qty": "400.00000000", "quoteQty": "188.00000000", "time": 1693151041128, "isBuyerMaker": false, "isBestMatch": true}, {"id": 38343746, "price": "0.47000000", "qty": "950.00000000", "quoteQty": "446.50000000", "time": 1693151041128, "isBuyerMaker": false, "isBestMatch": true}, {"id": 38343747, "price": "0.47000000", "qty": "3200.00000000", "quoteQty": "1504.00000000", "time": 1693151041128, "isBuyerMaker": false, "isBestMatch": true}, {"id": 38343748, "price": "0.47000000", "qty": "883.80000000", "quoteQty": "415.38600000", "time": 1693151041128, "isBuyerMaker": false, "isBestMatch": true}, {"id": 38343749, "price": "0.47030000", "qty": "479.60000000", "quoteQty": "225.55588000", "time": 1693151116368, "isBuyerMaker": true, "isBestMatch": true}, {"id": 38343750, "price": "0.47030000", "qty": "1372.60000000", "quoteQty": "645.53378000", "time": 1693151138140, "isBuyerMaker": false, "isBestMatch": true}, {"id": 38343751, "price": "0.47030000", "qty": "712.90000000", "quoteQty": "335.27687000", "time": 1693151138140, "isBuyerMaker": false, "isBestMatch": true}, {"id": 38343752, "price": "0.47040000", "qty": "1240.00000000", "quoteQty": "583.29600000", "time": 1693151138140, "isBuyerMaker": false, "isBestMatch": true}, {"id": 38343753, "price": "0.47040000", "qty": "1416.10000000", "quoteQty": "666.13344000", "time": 1693151138140, "isBuyerMaker": false, "isBestMatch": true}, {"id": 38343754, "price": "0.47020000", "qty": "263.60000000", "quoteQty": "123.94472000", "time": 1693151167403, "isBuyerMaker": true, "isBestMatch": true}, {"id": 38343755, "price": "0.47020000", "qty": "1107.10000000", "quoteQty": "520.55842000", "time": 1693151174201, "isBuyerMaker": false, "isBestMatch": true}, {"id": 38343756, "price": "0.47020000", "qty": "250.40000000", "quoteQty": "117.73808000", "time": 1693151174201, "isBuyerMaker": false, "isBestMatch": true}, {"id": 38343757, "price": "0.47030000", "qty": "221.60000000", "quoteQty": "104.21848000", "time": 1693151174201, "isBuyerMaker": false, "isBestMatch": true}, {"id": 38343758, "price": "0.47040000", "qty": "53.10000000", "quoteQty": "24.97824000", "time": 1693151233664, "isBuyerMaker": false, "isBestMatch": true}, {"id": 38343759, "price": "0.47010000", "qty": "30.50000000", "quoteQty": "14.33805000", "time": 1693151280776, "isBuyerMaker": false, "isBestMatch": true}, {"id": 38343760, "price": "0.46990000", "qty": "250.00000000", "quoteQty": "117.47500000", "time": 1693151294427, "isBuyerMaker": false, "isBestMatch": true}, {"id": 38343761, "price": "0.46990000", "qty": "336.70000000", "quoteQty": "158.21533000", "time": 1693151321278, "isBuyerMaker": false, "isBestMatch": true}, {"id": 38343762, "price": "0.46990000", "qty": "323.80000000", "quoteQty": "152.15362000", "time": 1693151321278, "isBuyerMaker": false, "isBestMatch": true}, {"id": 38343763, "price": "0.46990000", "qty": "473.10000000", "quoteQty": "222.30969000", "time": 1693151321278, "isBuyerMaker": false, "isBestMatch": true}, {"id": 38343764, "price": "0.47000000", "qty": "45.70000000", "quoteQty": "21.47900000", "time": 1693151321278, "isBuyerMaker": false, "isBestMatch": true}, {"id": 38343765, "price": "0.47000000", "qty": "801.70000000", "quoteQty": "376.79900000", "time": 1693151321278, "isBuyerMaker": false, "isBestMatch": true}, {"id": 38343766, "price": "0.47000000", "qty": "658.80000000", "quoteQty": "309.63600000", "time": 1693151321278, "isBuyerMaker": false, "isBestMatch": true}, {"id": 38343767, "price": "0.47010000", "qty": "1322.20000000", "quoteQty": "621.56622000", "time": 1693151321278, "isBuyerMaker": false, "isBestMatch": true}, {"id": 38343768, "price": "0.47020000", "qty": "250.40000000", "quoteQty": "117.73808000", "time": 1693151323785, "isBuyerMaker": true, "isBestMatch": true}, {"id": 38343769, "price": "0.46970000", "qty": "29.90000000", "quoteQty": "14.04403000", "time": 1693151425714, "isBuyerMaker": true, "isBestMatch": true}, {"id": 38343770, "price": "0.46970000", "qty": "250.40000000", "quoteQty": "117.61288000", "time": 1693151441872, "isBuyerMaker": true, "isBestMatch": true}, {"id": 38343771, "price": "0.46960000", "qty": "250.40000000", "quoteQty": "117.58784000", "time": 1693151450862, "isBuyerMaker": true, "isBestMatch": true}, {"id": 38343772, "price": "0.46970000", "qty": "521.00000000", "quoteQty": "244.71370000", "time": 1693151506731, "isBuyerMaker": true, "isBestMatch": true}, {"id": 38343773, "price": "0.46990000", "qty": "1320.00000000", "quoteQty": "620.26800000", "time": 1693151565133, "isBuyerMaker": false, "isBestMatch": true}, {"id": 38343774, "price": "0.46990000", "qty": "45.80000000", "quoteQty": "21.52142000", "time": 1693151574523, "isBuyerMaker": true, "isBestMatch": true}, {"id": 38343775, "price": "0.46990000", "qty": "201.90000000", "quoteQty": "94.87281000", "time": 1693151574523, "isBuyerMaker": true, "isBestMatch": true}, {"id": 38343776, "price": "0.46990000", "qty": "259.60000000", "quoteQty": "121.98604000", "time": 1693151574537, "isBuyerMaker": true, "isBestMatch": true}, {"id": 38343777, "price": "0.46990000", "qty": "237.60000000", "quoteQty": "111.64824000", "time": 1693151578484, "isBuyerMaker": true, "isBestMatch": true}, {"id": 38343778, "price": "0.46990000", "qty": "259.60000000", "quoteQty": "121.98604000", "time": 1693151579331, "isBuyerMaker": true, "isBestMatch": true}, {"id": 38343779, "price": "0.46990000", "qty": "175.50000000", "quoteQty": "82.46745000", "time": 1693151581003, "isBuyerMaker": true, "isBestMatch": true}, {"id": 38343780, "price": "0.46990000", "qty": "117.00000000", "quoteQty": "54.97830000", "time": 1693151582180, "isBuyerMaker": true, "isBestMatch": true}, {"id": 38343781, "price": "0.46990000", "qty": "72.30000000", "quoteQty": "33.97377000", "time": 1693151582180, "isBuyerMaker": true, "isBestMatch": true}, {"id": 38343782, "price": "0.46990000", "qty": "629.60000000", "quoteQty": "295.84904000", "time": 1693151584139, "isBuyerMaker": true, "isBestMatch": true}, {"id": 38343783, "price": "0.47000000", "qty": "671.90000000", "quoteQty": "315.79300000", "time": 1693151667710, "isBuyerMaker": false, "isBestMatch": true}, {"id": 38343784, "price": "0.47000000", "qty": "400.00000000", "quoteQty": "188.00000000", "time": 1693151667710, "isBuyerMaker": false, "isBestMatch": true}, {"id": 38343785, "price": "0.47000000", "qty": "150.60000000", "quoteQty": "70.78200000", "time": 1693151667710, "isBuyerMaker": false, "isBestMatch": true}, {"id": 38343786, "price": "0.47030000", "qty": "598.30000000", "quoteQty": "281.38049000", "time": 1693151719393, "isBuyerMaker": false, "isBestMatch": true}, {"id": 38343787, "price": "0.47000000", "qty": "30.60000000", "quoteQty": "14.38200000", "time": 1693151807279, "isBuyerMaker": false, "isBestMatch": true}, {"id": 38343788, "price": "0.47000000", "qty": "30.60000000", "quoteQty": "14.38200000", "time": 1693151807637, "isBuyerMaker": false, "isBestMatch": true}, {"id": 38343789, "price": "0.47000000", "qty": "30.60000000", "quoteQty": "14.38200000", "time": 1693151817440, "isBuyerMaker": false, "isBestMatch": true}, {"id": 38343790, "price": "0.47000000", "qty": "84.40000000", "quoteQty": "39.66800000", "time": 1693151889056, "isBuyerMaker": false, "isBestMatch": true}, {"id": 38343791, "price": "0.47010000", "qty": "23.60000000", "quoteQty": "11.09436000", "time": 1693151920033, "isBuyerMaker": false, "isBestMatch": true}, {"id": 38343792, "price": "0.47030000", "qty": "1873.50000000", "quoteQty": "881.10705000", "time": 1693151968465, "isBuyerMaker": true, "isBestMatch": true}, {"id": 38343793, "price": "0.47030000", "qty": "45.80000000", "quoteQty": "21.53974000", "time": 1693151968465, "isBuyerMaker": true, "isBestMatch": true}, {"id": 38343794, "price": "0.47030000", "qty": "250.40000000", "quoteQty": "117.76312000", "time": 1693151968465, "isBuyerMaker": true, "isBestMatch": true}, {"id": 38343795, "price": "0.47030000", "qty": "945.80000000", "quoteQty": "444.80974000", "time": 1693151968465, "isBuyerMaker": true, "isBestMatch": true}, {"id": 38343796, "price": "0.47030000", "qty": "1063.70000000", "quoteQty": "500.25811000", "time": 1693151968465, "isBuyerMaker": true, "isBestMatch": true}, {"id": 38343797, "price": "0.47020000", "qty": "45.80000000", "quoteQty": "21.53516000", "time": 1693151968465, "isBuyerMaker": true, "isBestMatch": true}, {"id": 38343798, "price": "0.47020000", "qty": "1273.70000000", "quoteQty": "598.89374000", "time": 1693151968465, "isBuyerMaker": true, "isBestMatch": true}, {"id": 38343799, "price": "0.47020000", "qty": "1350.20000000", "quoteQty": "634.86404000", "time": 1693151968465, "isBuyerMaker": true, "isBestMatch": true}, {"id": 38343800, "price": "0.47020000", "qty": "1299.40000000", "quoteQty": "610.97788000", "time": 1693151968465, "isBuyerMaker": true, "isBestMatch": true}, {"id": 38343801, "price": "0.47020000", "qty": "262.10000000", "quoteQty": "123.23942000", "time": 1693151968465, "isBuyerMaker": true, "isBestMatch": true}, {"id": 38343802, "price": "0.47020000", "qty": "45.70000000", "quoteQty": "21.48814000", "time": 1693151968489, "isBuyerMaker": false, "isBestMatch": true}, {"id": 38343803, "price": "0.47040000", "qty": "1214.00000000", "quoteQty": "571.06560000", "time": 1693151996128, "isBuyerMaker": false, "isBestMatch": true}, {"id": 38343804, "price": "0.47060000", "qty": "45.70000000", "quoteQty": "21.50642000", "time": 1693151999464, "isBuyerMaker": false, "isBestMatch": true}, {"id": 38343805, "price": "0.47060000", "qty": "4.70000000", "quoteQty": "2.21182000", "time": 1693151999464, "isBuyerMaker": false, "isBestMatch": true}, {"id": 38343806, "price": "0.47050000", "qty": "982.00000000", "quoteQty": "462.03100000", "time": 1693152010963, "isBuyerMaker": false, "isBestMatch": true}, {"id": 38343807, "price": "0.47040000", "qty": "1012.50000000", "quoteQty": "476.28000000", "time": 1693152060811, "isBuyerMaker": true, "isBestMatch": true}, {"id": 38343808, "price": "0.47050000", "qty": "44.60000000", "quoteQty": "20.98430000", "time": 1693152075962, "isBuyerMaker": false, "isBestMatch": true}, {"id": 38343809, "price": "0.47030000", "qty": "339.50000000", "quoteQty": "159.66685000", "time": 1693152085727, "isBuyerMaker": true, "isBestMatch": true}, {"id": 38343810, "price": "0.47030000", "qty": "305.10000000", "quoteQty": "143.48853000", "time": 1693152085730, "isBuyerMaker": true, "isBestMatch": true}, {"id": 38343811, "price": "0.47040000", "qty": "281.70000000", "quoteQty": "132.51168000", "time": 1693152101892, "isBuyerMaker": true, "isBestMatch": true}, {"id": 38343812, "price": "0.47020000", "qty": "800.00000000", "quoteQty": "376.16000000", "time": 1693152175615, "isBuyerMaker": true, "isBestMatch": true}, {"id": 38343813, "price": "0.47020000", "qty": "2.00000000", "quoteQty": "0.94040000", "time": 1693152175615, "isBuyerMaker": true, "isBestMatch": true}, {"id": 38343814, "price": "0.47020000", "qty": "580.90000000", "quoteQty": "273.13918000", "time": 1693152175615, "isBuyerMaker": true, "isBestMatch": true}, {"id": 38343815, "price": "0.47020000", "qty": "292.10000000", "quoteQty": "137.34542000", "time": 1693152175615, "isBuyerMaker": true, "isBestMatch": true}, {"id": 38343816, "price": "0.47020000", "qty": "771.80000000", "quoteQty": "362.90036000", "time": 1693152175618, "isBuyerMaker": true, "isBestMatch": true}, {"id": 38343817, "price": "0.47020000", "qty": "27.60000000", "quoteQty": "12.97752000", "time": 1693152190944, "isBuyerMaker": false, "isBestMatch": true}, {"id": 38343818, "price": "0.47020000", "qty": "31.90000000", "quoteQty": "14.99938000", "time": 1693152190965, "isBuyerMaker": false, "isBestMatch": true}, {"id": 38343819, "price": "0.47020000", "qty": "190.90000000", "quoteQty": "89.76118000", "time": 1693152190971, "isBuyerMaker": false, "isBestMatch": true}, {"id": 38343820, "price": "0.47020000", "qty": "800.00000000", "quoteQty": "376.16000000", "time": 1693152190971, "isBuyerMaker": false, "isBestMatch": true}, {"id": 38343821, "price": "0.47020000", "qty": "468.80000000", "quoteQty": "220.42976000", "time": 1693152190971, "isBuyerMaker": false, "isBestMatch": true}, {"id": 38343822, "price": "0.47020000", "qty": "1487.80000000", "quoteQty": "699.56356000", "time": 1693152190975, "isBuyerMaker": false, "isBestMatch": true}, {"id": 38343823, "price": "0.47020000", "qty": "27.60000000", "quoteQty": "12.97752000", "time": 1693152190982, "isBuyerMaker": false, "isBestMatch": true}, {"id": 38343824, "price": "0.47030000", "qty": "647.60000000", "quoteQty": "304.56628000", "time": 1693152221184, "isBuyerMaker": false, "isBestMatch": true}, {"id": 38343825, "price": "0.47030000", "qty": "1395.20000000", "quoteQty": "656.16256000", "time": 1693152221184, "isBuyerMaker": false, "isBestMatch": true}, {"id": 38343826, "price": "0.47030000", "qty": "702.50000000", "quoteQty": "330.38575000", "time": 1693152221184, "isBuyerMaker": false, "isBestMatch": true}, {"id": 38343827, "price": "0.47030000", "qty": "49.40000000", "quoteQty": "23.23282000", "time": 1693152221184, "isBuyerMaker": false, "isBestMatch": true}, {"id": 38343828, "price": "0.47040000", "qty": "591.00000000", "quoteQty": "278.00640000", "time": 1693152221184, "isBuyerMaker": false, "isBestMatch": true}, {"id": 38343829, "price": "0.47040000", "qty": "613.30000000", "quoteQty": "288.49632000", "time": 1693152221184, "isBuyerMaker": false, "isBestMatch": true}, {"id": 38343830, "price": "0.47040000", "qty": "1600.00000000", "quoteQty": "752.64000000", "time": 1693152221184, "isBuyerMaker": false, "isBestMatch": true}, {"id": 38343831, "price": "0.47040000", "qty": "2400.00000000", "quoteQty": "1128.96000000", "time": 1693152221184, "isBuyerMaker": false, "isBestMatch": true}, {"id": 38343832, "price": "0.47040000", "qty": "1600.00000000", "quoteQty": "752.64000000", "time": 1693152221184, "isBuyerMaker": false, "isBestMatch": true}, {"id": 38343833, "price": "0.47040000", "qty": "6849.90000000", "quoteQty": "3222.19296000", "time": 1693152221187, "isBuyerMaker": true, "isBestMatch": true}, {"id": 38343834, "price": "0.47040000", "qty": "419.40000000", "quoteQty": "197.28576000", "time": 1693152221188, "isBuyerMaker": true, "isBestMatch": true}, {"id": 38343835, "price": "0.47040000", "qty": "107.90000000", "quoteQty": "50.75616000", "time": 1693152239146, "isBuyerMaker": true, "isBestMatch": true}, {"id": 38343836, "price": "0.47040000", "qty": "2072.70000000", "quoteQty": "974.99808000", "time": 1693152248589, "isBuyerMaker": true, "isBestMatch": true}, {"id": 38343837, "price": "0.47040000", "qty": "747.00000000", "quoteQty": "351.38880000", "time": 1693152248589, "isBuyerMaker": true, "isBestMatch": true}, {"id": 38343838, "price": "0.47040000", "qty": "647.00000000", "quoteQty": "304.34880000", "time": 1693152248589, "isBuyerMaker": true, "isBestMatch": true}, {"id": 38343839, "price": "0.47040000", "qty": "1600.00000000", "quoteQty": "752.64000000", "time": 1693152248590, "isBuyerMaker": true, "isBestMatch": true}, {"id": 38343840, "price": "0.47040000", "qty": "7293.80000000", "quoteQty": "3431.00352000", "time": 1693152248592, "isBuyerMaker": true, "isBestMatch": true}, {"id": 38343841, "price": "0.47030000", "qty": "702.00000000", "quoteQty": "330.15060000", "time": 1693152248597, "isBuyerMaker": true, "isBestMatch": true}, {"id": 38343842, "price": "0.47030000", "qty": "361.60000000", "quoteQty": "170.06048000", "time": 1693152248597, "isBuyerMaker": true, "isBestMatch": true}, {"id": 38343843, "price": "0.47020000", "qty": "45.70000000", "quoteQty": "21.48814000", "time": 1693152248597, "isBuyerMaker": true, "isBestMatch": true}, {"id": 38343844, "price": "0.47020000", "qty": "416.70000000", "quoteQty": "195.93234000", "time": 1693152248597, "isBuyerMaker": true, "isBestMatch": true}, {"id": 38343845, "price": "0.47020000", "qty": "533.30000000", "quoteQty": "250.75766000", "time": 1693152248598, "isBuyerMaker": true, "isBestMatch": true}, {"id": 38343846, "price": "0.47020000", "qty": "146.70000000", "quoteQty": "68.97834000", "time": 1693152248598, "isBuyerMaker": true, "isBestMatch": true}, {"id": 38343847, "price": "0.47020000", "qty": "680.00000000", "quoteQty": "319.73600000", "time": 1693152248598, "isBuyerMaker": true, "isBestMatch": true}, {"id": 38343848, "price": "0.47020000", "qty": "418.70000000", "quoteQty": "196.87274000", "time": 1693152248599, "isBuyerMaker": true, "isBestMatch": true}, {"id": 38343849, "price": "0.47010000", "qty": "45.70000000", "quoteQty": "21.48357000", "time": 1693152248599, "isBuyerMaker": true, "isBestMatch": true}, {"id": 38343850, "price": "0.47010000", "qty": "215.60000000", "quoteQty": "101.35356000", "time": 1693152248599, "isBuyerMaker": true, "isBestMatch": true}, {"id": 38343851, "price": "0.47010000", "qty": "680.00000000", "quoteQty": "319.66800000", "time": 1693152248599, "isBuyerMaker": true, "isBestMatch": true}, {"id": 38343852, "price": "0.47010000", "qty": "54.40000000", "quoteQty": "25.57344000", "time": 1693152248599, "isBuyerMaker": true, "isBestMatch": true}, {"id": 38343853, "price": "0.47010000", "qty": "710.60000000", "quoteQty": "334.05306000", "time": 1693152248599, "isBuyerMaker": true, "isBestMatch": true}, {"id": 38343854, "price": "0.47010000", "qty": "673.00000000", "quoteQty": "316.37730000", "time": 1693152248599, "isBuyerMaker": true, "isBestMatch": true}, {"id": 38343855, "price": "0.47010000", "qty": "151.00000000", "quoteQty": "70.98510000", "time": 1693152248599, "isBuyerMaker": true, "isBestMatch": true}, {"id": 38343856, "price": "0.47010000", "qty": "824.00000000", "quoteQty": "387.36240000", "time": 1693152248599, "isBuyerMaker": true, "isBestMatch": true}, {"id": 38343857, "price": "0.47010000", "qty": "680.00000000", "quoteQty": "319.66800000", "time": 1693152248600, "isBuyerMaker": true, "isBestMatch": true}, {"id": 38343858, "price": "0.47010000", "qty": "493.50000000", "quoteQty": "231.99435000", "time": 1693152248600, "isBuyerMaker": true, "isBestMatch": true}, {"id": 38343859, "price": "0.47010000", "qty": "330.50000000", "quoteQty": "155.36805000", "time": 1693152248600, "isBuyerMaker": true, "isBestMatch": true}, {"id": 38343860, "price": "0.47010000", "qty": "1037.00000000", "quoteQty": "487.49370000", "time": 1693152248600, "isBuyerMaker": true, "isBestMatch": true}, {"id": 38343861, "price": "0.47010000", "qty": "680.00000000", "quoteQty": "319.66800000", "time": 1693152248601, "isBuyerMaker": true, "isBestMatch": true}, {"id": 38343862, "price": "0.47010000", "qty": "104.00000000", "quoteQty": "48.89040000", "time": 1693152248602, "isBuyerMaker": true, "isBestMatch": true}, {"id": 38343863, "price": "0.47010000", "qty": "916.00000000", "quoteQty": "430.61160000", "time": 1693152248602, "isBuyerMaker": true, "isBestMatch": true}, {"id": 38343864, "price": "0.47000000", "qty": "587.00000000", "quoteQty": "275.89000000", "time": 1693152248625, "isBuyerMaker": true, "isBestMatch": true}, {"id": 38343865, "price": "0.47010000", "qty": "45.70000000", "quoteQty": "21.48357000", "time": 1693152248639, "isBuyerMaker": false, "isBestMatch": true}, {"id": 38343866, "price": "0.47010000", "qty": "58.00000000", "quoteQty": "27.26580000", "time": 1693152248673, "isBuyerMaker": true, "isBestMatch": true}, {"id": 38343867, "price": "0.47010000", "qty": "425.30000000", "quoteQty": "199.93353000", "time": 1693152248673, "isBuyerMaker": true, "isBestMatch": true}, {"id": 38343868, "price": "0.47010000", "qty": "281.70000000", "quoteQty": "132.42717000", "time": 1693152248673, "isBuyerMaker": true, "isBestMatch": true}, {"id": 38343869, "price": "0.47000000", "qty": "26.40000000", "quoteQty": "12.40800000", "time": 1693152252142, "isBuyerMaker": true, "isBestMatch": true}, {"id": 38343870, "price": "0.47000000", "qty": "45.70000000", "quoteQty": "21.47900000", "time": 1693152314320, "isBuyerMaker": false, "isBestMatch": true}, {"id": 38343871, "price": "0.47000000", "qty": "58.50000000", "quoteQty": "27.49500000", "time": 1693152314320, "isBuyerMaker": false, "isBestMatch": true}, {"id": 38343872, "price": "0.47010000", "qty": "45.80000000", "quoteQty": "21.53058000", "time": 1693152321322, "isBuyerMaker": true, "isBestMatch": true}, {"id": 38343873, "price": "0.47010000", "qty": "110.20000000", "quoteQty": "51.80502000", "time": 1693152321322, "isBuyerMaker": true, "isBestMatch": true}, {"id": 38343874, "price": "0.47020000", "qty": "35.00000000", "quoteQty": "16.45700000", "time": 1693152479481, "isBuyerMaker": true, "isBestMatch": true}, {"id": 38343875, "price": "0.47030000", "qty": "800.00000000", "quoteQty": "376.24000000", "time": 1693152556517, "isBuyerMaker": false, "isBestMatch": true}, {"id": 38343876, "price": "0.47030000", "qty": "800.00000000", "quoteQty": "376.24000000", "time": 1693152556517, "isBuyerMaker": false, "isBestMatch": true}, {"id": 38343877, "price": "0.47030000", "qty": "2215.10000000", "quoteQty": "1041.76153000", "time": 1693152556517, "isBuyerMaker": false, "isBestMatch": true}, {"id": 38343878, "price": "0.47040000", "qty": "705.40000000", "quoteQty": "331.82016000", "time": 1693152556560, "isBuyerMaker": false, "isBestMatch": true}, {"id": 38343879, "price": "0.47040000", "qty": "950.00000000", "quoteQty": "446.88000000", "time": 1693152556560, "isBuyerMaker": false, "isBestMatch": true}, {"id": 38343880, "price": "0.47050000", "qty": "104.90000000", "quoteQty": "49.35545000", "time": 1693152560279, "isBuyerMaker": false, "isBestMatch": true}, {"id": 38343881, "price": "0.47040000", "qty": "209.20000000", "quoteQty": "98.40768000", "time": 1693152592043, "isBuyerMaker": false, "isBestMatch": true}, {"id": 38343882, "price": "0.47030000", "qty": "45.70000000", "quoteQty": "21.49271000", "time": 1693152593292, "isBuyerMaker": false, "isBestMatch": true}, {"id": 38343883, "price": "0.47030000", "qty": "135.20000000", "quoteQty": "63.58456000", "time": 1693152593292, "isBuyerMaker": false, "isBestMatch": true}, {"id": 38343884, "price": "0.47030000", "qty": "38.10000000", "quoteQty": "17.91843000", "time": 1693152593292, "isBuyerMaker": false, "isBestMatch": true}, {"id": 38343885, "price": "0.47030000", "qty": "21.20000000", "quoteQty": "9.97036000", "time": 1693152601297, "isBuyerMaker": false, "isBestMatch": true}, {"id": 38343886, "price": "0.47010000", "qty": "902.30000000", "quoteQty": "424.17123000", "time": 1693152651736, "isBuyerMaker": true, "isBestMatch": true}, {"id": 38343887, "price": "0.47010000", "qty": "457.50000000", "quoteQty": "215.07075000", "time": 1693152651742, "isBuyerMaker": true, "isBestMatch": true}, {"id": 38343888, "price": "0.47010000", "qty": "157.00000000", "quoteQty": "73.80570000", "time": 1693152651745, "isBuyerMaker": true, "isBestMatch": true}, {"id": 38343889, "price": "0.47010000", "qty": "528.20000000", "quoteQty": "248.30682000", "time": 1693152651762, "isBuyerMaker": true, "isBestMatch": true}, {"id": 38343890, "price": "0.47020000", "qty": "33.40000000", "quoteQty": "15.70468000", "time": 1693152673031, "isBuyerMaker": false, "isBestMatch": true}, {"id": 38343891, "price": "0.47030000", "qty": "628.80000000", "quoteQty": "295.72464000", "time": 1693152775693, "isBuyerMaker": true, "isBestMatch": true}, {"id": 38343892, "price": "0.47030000", "qty": "229.10000000", "quoteQty": "107.74573000", "time": 1693152775693, "isBuyerMaker": true, "isBestMatch": true}, {"id": 38343893, "price": "0.47020000", "qty": "963.90000000", "quoteQty": "453.22578000", "time": 1693152775693, "isBuyerMaker": true, "isBestMatch": true}, {"id": 38343894, "price": "0.47020000", "qty": "48.50000000", "quoteQty": "22.80470000", "time": 1693152775693, "isBuyerMaker": true, "isBestMatch": true}, {"id": 38343895, "price": "0.47030000", "qty": "786.10000000", "quoteQty": "369.70283000", "time": 1693152783043, "isBuyerMaker": false, "isBestMatch": true}, {"id": 38343896, "price": "0.47040000", "qty": "26.40000000", "quoteQty": "12.41856000", "time": 1693152783146, "isBuyerMaker": false, "isBestMatch": true}, {"id": 38343897, "price": "0.47050000", "qty": "42.00000000", "quoteQty": "19.76100000", "time": 1693152788180, "isBuyerMaker": true, "isBestMatch": true}, {"id": 38343898, "price": "0.47050000", "qty": "42.00000000", "quoteQty": "19.76100000", "time": 1693152788180, "isBuyerMaker": true, "isBestMatch": true}, {"id": 38343899, "price": "0.47050000", "qty": "42.00000000", "quoteQty": "19.76100000", "time": 1693152788181, "isBuyerMaker": true, "isBestMatch": true}, {"id": 38343900, "price": "0.47050000", "qty": "38.30000000", "quoteQty": "18.02015000", "time": 1693152788181, "isBuyerMaker": true, "isBestMatch": true}, {"id": 38343901, "price": "0.47040000", "qty": "3.70000000", "quoteQty": "1.74048000", "time": 1693152788181, "isBuyerMaker": true, "isBestMatch": true}, {"id": 38343902, "price": "0.47040000", "qty": "42.00000000", "quoteQty": "19.75680000", "time": 1693152788181, "isBuyerMaker": true, "isBestMatch": true}, {"id": 38343903, "price": "0.47040000", "qty": "42.00000000", "quoteQty": "19.75680000", "time": 1693152788182, "isBuyerMaker": true, "isBestMatch": true}, {"id": 38343904, "price": "0.47040000", "qty": "42.00000000", "quoteQty": "19.75680000", "time": 1693152788182, "isBuyerMaker": true, "isBestMatch": true}, {"id": 38343905, "price": "0.47040000", "qty": "42.00000000", "quoteQty": "19.75680000", "time": 1693152788182, "isBuyerMaker": true, "isBestMatch": true}, {"id": 38343906, "price": "0.47040000", "qty": "42.00000000", "quoteQty": "19.75680000", "time": 1693152788183, "isBuyerMaker": true, "isBestMatch": true}, {"id": 38343907, "price": "0.47040000", "qty": "42.00000000", "quoteQty": "19.75680000", "time": 1693152788183, "isBuyerMaker": true, "isBestMatch": true}, {"id": 38343908, "price": "0.47040000", "qty": "42.00000000", "quoteQty": "19.75680000", "time": 1693152788183, "isBuyerMaker": true, "isBestMatch": true}, {"id": 38343909, "price": "0.47040000", "qty": "42.00000000", "quoteQty": "19.75680000", "time": 1693152788184, "isBuyerMaker": true, "isBestMatch": true}, {"id": 38343910, "price": "0.47040000", "qty": "42.00000000", "quoteQty": "19.75680000", "time": 1693152788185, "isBuyerMaker": true, "isBestMatch": true}, {"id": 38343911, "price": "0.47040000", "qty": "231.50000000", "quoteQty": "108.89760000", "time": 1693152788187, "isBuyerMaker": true, "isBestMatch": true}, {"id": 38343912, "price": "0.47060000", "qty": "45.70000000", "quoteQty": "21.50642000", "time": 1693152839283, "isBuyerMaker": true, "isBestMatch": true}, {"id": 38343913, "price": "0.47060000", "qty": "587.90000000", "quoteQty": "276.66574000", "time": 1693152839283, "isBuyerMaker": true, "isBestMatch": true}, {"id": 38343914, "price": "0.47060000", "qty": "1062.80000000", "quoteQty": "500.15368000", "time": 1693152839283, "isBuyerMaker": true, "isBestMatch": true}, {"id": 38343915, "price": "0.47060000", "qty": "98.00000000", "quoteQty": "46.11880000", "time": 1693152839283, "isBuyerMaker": true, "isBestMatch": true}, {"id": 38343916, "price": "0.47060000", "qty": "1280.00000000", "quoteQty": "602.36800000", "time": 1693152840337, "isBuyerMaker": true, "isBestMatch": true}, {"id": 38343917, "price": "0.47060000", "qty": "514.80000000", "quoteQty": "242.26488000", "time": 1693152840337, "isBuyerMaker": true, "isBestMatch": true}, {"id": 38343918, "price": "0.47060000", "qty": "1088.60000000", "quoteQty": "512.29516000", "time": 1693152840337, "isBuyerMaker": true, "isBestMatch": true}, {"id": 38343919, "price": "0.47050000", "qty": "691.30000000", "quoteQty": "325.25665000", "time": 1693152845371, "isBuyerMaker": true, "isBestMatch": true}, {"id": 38343920, "price": "0.47010000", "qty": "1245.00000000", "quoteQty": "585.27450000", "time": 1693152903001, "isBuyerMaker": false, "isBestMatch": true}, {"id": 38343921, "price": "0.47050000", "qty": "7237.00000000", "quoteQty": "3405.00850000", "time": 1693152942262, "isBuyerMaker": false, "isBestMatch": true}, {"id": 38343922, "price": "0.47050000", "qty": "653.60000000", "quoteQty": "307.51880000", "time": 1693152942262, "isBuyerMaker": false, "isBestMatch": true}, {"id": 38343923, "price": "0.47060000", "qty": "1640.10000000", "quoteQty": "771.83106000", "time": 1693152942266, "isBuyerMaker": false, "isBestMatch": true}, {"id": 38343924, "price": "0.47050000", "qty": "30.60000000", "quoteQty": "14.39730000", "time": 1693152950324, "isBuyerMaker": true, "isBestMatch": true}, {"id": 38343925, "price": "0.47040000", "qty": "30.60000000", "quoteQty": "14.39424000", "time": 1693152952453, "isBuyerMaker": true, "isBestMatch": true}, {"id": 38343926, "price": "0.47040000", "qty": "30.60000000", "quoteQty": "14.39424000", "time": 1693152953575, "isBuyerMaker": true, "isBestMatch": true}, {"id": 38343927, "price": "0.47060000", "qty": "22.40000000", "quoteQty": "10.54144000", "time": 1693153009495, "isBuyerMaker": true, "isBestMatch": true}, {"id": 38343928, "price": "0.47050000", "qty": "273.70000000", "quoteQty": "128.77585000", "time": 1693153009495, "isBuyerMaker": true, "isBestMatch": true}, {"id": 38343929, "price": "0.47050000", "qty": "23.10000000", "quoteQty": "10.86855000", "time": 1693153040457, "isBuyerMaker": false, "isBestMatch": true}, {"id": 38343930, "price": "0.47040000", "qty": "42.50000000", "quoteQty": "19.99200000", "time": 1693153080399, "isBuyerMaker": true, "isBestMatch": true}, {"id": 38343931, "price": "0.47030000", "qty": "223.80000000", "quoteQty": "105.25314000", "time": 1693153120965, "isBuyerMaker": false, "isBestMatch": true}, {"id": 38343932, "price": "0.47020000", "qty": "184.10000000", "quoteQty": "86.56382000", "time": 1693153121427, "isBuyerMaker": true, "isBestMatch": true}, {"id": 38343933, "price": "0.47010000", "qty": "26.50000000", "quoteQty": "12.45765000", "time": 1693153121454, "isBuyerMaker": true, "isBestMatch": true}, {"id": 38343934, "price": "0.47010000", "qty": "161.90000000", "quoteQty": "76.10919000", "time": 1693153121457, "isBuyerMaker": true, "isBestMatch": true}, {"id": 38343935, "price": "0.47010000", "qty": "45.70000000", "quoteQty": "21.48357000", "time": 1693153158469, "isBuyerMaker": true, "isBestMatch": true}, {"id": 38343936, "price": "0.47010000", "qty": "119.20000000", "quoteQty": "56.03592000", "time": 1693153158469, "isBuyerMaker": true, "isBestMatch": true}, {"id": 38343937, "price": "0.47010000", "qty": "124.10000000", "quoteQty": "58.33941000", "time": 1693153158497, "isBuyerMaker": true, "isBestMatch": true}, {"id": 38343938, "price": "0.47000000", "qty": "375.90000000", "quoteQty": "176.67300000", "time": 1693153158497, "isBuyerMaker": true, "isBestMatch": true}, {"id": 38343939, "price": "0.47010000", "qty": "428.90000000", "quoteQty": "201.62589000", "time": 1693153158830, "isBuyerMaker": false, "isBestMatch": true}, {"id": 38343940, "price": "0.47010000", "qty": "75.70000000", "quoteQty": "35.58657000", "time": 1693153196771, "isBuyerMaker": false, "isBestMatch": true}, {"id": 38343941, "price": "0.47000000", "qty": "253.90000000", "quoteQty": "119.33300000", "time": 1693153204563, "isBuyerMaker": true, "isBestMatch": true}, {"id": 38343942, "price": "0.47010000", "qty": "159.50000000", "quoteQty": "74.98095000", "time": 1693153254471, "isBuyerMaker": true, "isBestMatch": true}, {"id": 38343943, "price": "0.47020000", "qty": "1281.00000000", "quoteQty": "602.32620000", "time": 1693153256804, "isBuyerMaker": false, "isBestMatch": true}, {"id": 38343944, "price": "0.47030000", "qty": "26.70000000", "quoteQty": "12.55701000", "time": 1693153286070, "isBuyerMaker": true, "isBestMatch": true}, {"id": 38343945, "price": "0.47030000", "qty": "381.30000000", "quoteQty": "179.32539000", "time": 1693153286070, "isBuyerMaker": true, "isBestMatch": true}, {"id": 38343946, "price": "0.47040000", "qty": "1178.00000000", "quoteQty": "554.13120000", "time": 1693153323622, "isBuyerMaker": false, "isBestMatch": true}, {"id": 38343947, "price": "0.47060000", "qty": "31.00000000", "quoteQty": "14.58860000", "time": 1693153327596, "isBuyerMaker": true, "isBestMatch": true}, {"id": 38343948, "price": "0.47060000", "qty": "380.00000000", "quoteQty": "178.82800000", "time": 1693153327665, "isBuyerMaker": true, "isBestMatch": true}, {"id": 38343949, "price": "0.47070000", "qty": "1084.00000000", "quoteQty": "510.23880000", "time": 1693153341306, "isBuyerMaker": false, "isBestMatch": true}, {"id": 38343950, "price": "0.47090000", "qty": "1108.30000000", "quoteQty": "521.89847000", "time": 1693153341558, "isBuyerMaker": false, "isBestMatch": true}, {"id": 38343951, "price": "0.47080000", "qty": "621.60000000", "quoteQty": "292.64928000", "time": 1693153342187, "isBuyerMaker": true, "isBestMatch": true}, {"id": 38343952, "price": "0.47080000", "qty": "160.70000000", "quoteQty": "75.65756000", "time": 1693153342187, "isBuyerMaker": true, "isBestMatch": true}, {"id": 38343953, "price": "0.47080000", "qty": "624.70000000", "quoteQty": "294.10876000", "time": 1693153344044, "isBuyerMaker": false, "isBestMatch": true}, {"id": 38343954, "price": "0.47080000", "qty": "430.80000000", "quoteQty": "202.82064000", "time": 1693153356371, "isBuyerMaker": true, "isBestMatch": true}, {"id": 38343955, "price": "0.47080000", "qty": "871.60000000", "quoteQty": "410.34928000", "time": 1693153428752, "isBuyerMaker": false, "isBestMatch": true}, {"id": 38343956, "price": "0.47080000", "qty": "373.30000000", "quoteQty": "175.74964000", "time": 1693153428752, "isBuyerMaker": false, "isBestMatch": true}, {"id": 38343957, "price": "0.47080000", "qty": "804.70000000", "quoteQty": "378.85276000", "time": 1693153428752, "isBuyerMaker": false, "isBestMatch": true}, {"id": 38343958, "price": "0.47080000", "qty": "950.40000000", "quoteQty": "447.44832000", "time": 1693153428752, "isBuyerMaker": false, "isBestMatch": true}, {"id": 38343959, "price": "0.47080000", "qty": "284.80000000", "quoteQty": "134.08384000", "time": 1693153428761, "isBuyerMaker": false, "isBestMatch": true}, {"id": 38343960, "price": "0.47060000", "qty": "30.50000000", "quoteQty": "14.35330000", "time": 1693153458807, "isBuyerMaker": true, "isBestMatch": true}, {"id": 38343961, "price": "0.47060000", "qty": "184.00000000", "quoteQty": "86.59040000", "time": 1693153473272, "isBuyerMaker": true, "isBestMatch": true}, {"id": 38343962, "price": "0.47060000", "qty": "34.40000000", "quoteQty": "16.18864000", "time": 1693153479740, "isBuyerMaker": true, "isBestMatch": true}, {"id": 38343963, "price": "0.47070000", "qty": "26.50000000", "quoteQty": "12.47355000", "time": 1693153499848, "isBuyerMaker": false, "isBestMatch": true}, {"id": 38343964, "price": "0.47080000", "qty": "45.70000000", "quoteQty": "21.51556000", "time": 1693153529350, "isBuyerMaker": false, "isBestMatch": true}, {"id": 38343965, "price": "0.47080000", "qty": "422.40000000", "quoteQty": "198.86592000", "time": 1693153529350, "isBuyerMaker": false, "isBestMatch": true}, {"id": 38343966, "price": "0.47070000", "qty": "424.40000000", "quoteQty": "199.76508000", "time": 1693153529365, "isBuyerMaker": true, "isBestMatch": true}, {"id": 38343967, "price": "0.47090000", "qty": "47.00000000", "quoteQty": "22.13230000", "time": 1693153584542, "isBuyerMaker": false, "isBestMatch": true}, {"id": 38343968, "price": "0.47110000", "qty": "425.10000000", "quoteQty": "200.26461000", "time": 1693153584618, "isBuyerMaker": false, "isBestMatch": true}, {"id": 38343969, "price": "0.47110000", "qty": "243.10000000", "quoteQty": "114.52441000", "time": 1693153584618, "isBuyerMaker": false, "isBestMatch": true}, {"id": 38343970, "price": "0.47110000", "qty": "523.80000000", "quoteQty": "246.76218000", "time": 1693153584829, "isBuyerMaker": false, "isBestMatch": true}, {"id": 38343971, "price": "0.47110000", "qty": "423.20000000", "quoteQty": "199.36952000", "time": 1693153584829, "isBuyerMaker": false, "isBestMatch": true}, {"id": 38343972, "price": "0.47110000", "qty": "2125.40000000", "quoteQty": "1001.27594000", "time": 1693153584829, "isBuyerMaker": false, "isBestMatch": true}, {"id": 38343973, "price": "0.47110000", "qty": "21.80000000", "quoteQty": "10.26998000", "time": 1693153584829, "isBuyerMaker": false, "isBestMatch": true}, {"id": 38343974, "price": "0.47110000", "qty": "41.70000000", "quoteQty": "19.64487000", "time": 1693153584833, "isBuyerMaker": true, "isBestMatch": true}, {"id": 38343975, "price": "0.47110000", "qty": "159.40000000", "quoteQty": "75.09334000", "time": 1693153584833, "isBuyerMaker": true, "isBestMatch": true}, {"id": 38343976, "price": "0.47120000", "qty": "57.70000000", "quoteQty": "27.18824000", "time": 1693153584937, "isBuyerMaker": true, "isBestMatch": true}, {"id": 38343977, "price": "0.47120000", "qty": "86.90000000", "quoteQty": "40.94728000", "time": 1693153585344, "isBuyerMaker": true, "isBestMatch": true}, {"id": 38343978, "price": "0.47150000", "qty": "91.70000000", "quoteQty": "43.23655000", "time": 1693153633912, "isBuyerMaker": false, "isBestMatch": true}, {"id": 38343979, "price": "0.47150000", "qty": "494.60000000", "quoteQty": "233.20390000", "time": 1693153643719, "isBuyerMaker": false, "isBestMatch": true}, {"id": 38343980, "price": "0.47140000", "qty": "62.60000000", "quoteQty": "29.50964000", "time": 1693153666802, "isBuyerMaker": true, "isBestMatch": true}, {"id": 38343981, "price": "0.47150000", "qty": "53.00000000", "quoteQty": "24.98950000", "time": 1693153668550, "isBuyerMaker": false, "isBestMatch": true}, {"id": 38343982, "price": "0.47150000", "qty": "236.50000000", "quoteQty": "111.50975000", "time": 1693153685609, "isBuyerMaker": true, "isBestMatch": true}, {"id": 38343983, "price": "0.47170000", "qty": "956.00000000", "quoteQty": "450.94520000", "time": 1693153711479, "isBuyerMaker": true, "isBestMatch": true}, {"id": 38343984, "price": "0.47170000", "qty": "99.70000000", "quoteQty": "47.02849000", "time": 1693153711480, "isBuyerMaker": true, "isBestMatch": true}, {"id": 38343985, "price": "0.47170000", "qty": "856.30000000", "quoteQty": "403.91671000", "time": 1693153711480, "isBuyerMaker": true, "isBestMatch": true}, {"id": 38343986, "price": "0.47170000", "qty": "29.20000000", "quoteQty": "13.77364000", "time": 1693153711482, "isBuyerMaker": true, "isBestMatch": true}, {"id": 38343987, "price": "0.47170000", "qty": "360.60000000", "quoteQty": "170.09502000", "time": 1693153711482, "isBuyerMaker": true, "isBestMatch": true}, {"id": 38343988, "price": "0.47170000", "qty": "45.70000000", "quoteQty": "21.55669000", "time": 1693153712049, "isBuyerMaker": false, "isBestMatch": true}, {"id": 38343989, "price": "0.47170000", "qty": "728.10000000", "quoteQty": "343.44477000", "time": 1693153712049, "isBuyerMaker": false, "isBestMatch": true}, {"id": 38343990, "price": "0.47170000", "qty": "826.20000000", "quoteQty": "389.71854000", "time": 1693153712049, "isBuyerMaker": false, "isBestMatch": true}, {"id": 38343991, "price": "0.47170000", "qty": "123.80000000", "quoteQty": "58.39646000", "time": 1693153712049, "isBuyerMaker": false, "isBestMatch": true}, {"id": 38343992, "price": "0.47180000", "qty": "23.10000000", "quoteQty": "10.89858000", "time": 1693153712049, "isBuyerMaker": false, "isBestMatch": true}, {"id": 38343993, "price": "0.47180000", "qty": "45.70000000", "quoteQty": "21.56126000", "time": 1693153712049, "isBuyerMaker": false, "isBestMatch": true}, {"id": 38343994, "price": "0.47180000", "qty": "763.40000000", "quoteQty": "360.17212000", "time": 1693153712049, "isBuyerMaker": false, "isBestMatch": true}, {"id": 38343995, "price": "0.47180000", "qty": "956.00000000", "quoteQty": "451.04080000", "time": 1693153712049, "isBuyerMaker": false, "isBestMatch": true}, {"id": 38343996, "price": "0.47180000", "qty": "241.20000000", "quoteQty": "113.79816000", "time": 1693153712050, "isBuyerMaker": false, "isBestMatch": true}, {"id": 38343997, "price": "0.47180000", "qty": "950.00000000", "quoteQty": "448.21000000", "time": 1693153712050, "isBuyerMaker": false, "isBestMatch": true}, {"id": 38343998, "price": "0.47190000", "qty": "608.20000000", "quoteQty": "287.00958000", "time": 1693153734643, "isBuyerMaker": false, "isBestMatch": true}, {"id": 38343999, "price": "0.47190000", "qty": "628.90000000", "quoteQty": "296.77791000", "time": 1693153734643, "isBuyerMaker": false, "isBestMatch": true}, {"id": 38344000, "price": "0.47190000", "qty": "470.80000000", "quoteQty": "222.17052000", "time": 1693153734643, "isBuyerMaker": false, "isBestMatch": true}, {"id": 38344001, "price": "0.47190000", "qty": "1152.50000000", "quoteQty": "543.86475000", "time": 1693153734677, "isBuyerMaker": false, "isBestMatch": true}, {"id": 38344002, "price": "0.47190000", "qty": "1432.10000000", "quoteQty": "675.80799000", "time": 1693153735356, "isBuyerMaker": true, "isBestMatch": true}, {"id": 38344003, "price": "0.47180000", "qty": "250.40000000", "quoteQty": "118.13872000", "time": 1693153735356, "isBuyerMaker": true, "isBestMatch": true}, {"id": 38344004, "price": "0.47180000", "qty": "321.70000000", "quoteQty": "151.77806000", "time": 1693153735356, "isBuyerMaker": true, "isBestMatch": true}, {"id": 38344005, "price": "0.47190000", "qty": "425.00000000", "quoteQty": "200.55750000", "time": 1693153735359, "isBuyerMaker": false, "isBestMatch": true}, {"id": 38344006, "price": "0.47190000", "qty": "203.90000000", "quoteQty": "96.22041000", "time": 1693153735426, "isBuyerMaker": false, "isBestMatch": true}, {"id": 38344007, "price": "0.47190000", "qty": "203.90000000", "quoteQty": "96.22041000", "time": 1693153735428, "isBuyerMaker": false, "isBestMatch": true}, {"id": 38344008, "price": "0.47190000", "qty": "134.20000000", "quoteQty": "63.32898000", "time": 1693153761854, "isBuyerMaker": false, "isBestMatch": true}, {"id": 38344009, "price": "0.47190000", "qty": "103.50000000", "quoteQty": "48.84165000", "time": 1693153761854, "isBuyerMaker": false, "isBestMatch": true}, {"id": 38344010, "price": "0.47190000", "qty": "40.00000000", "quoteQty": "18.87600000", "time": 1693153771575, "isBuyerMaker": true, "isBestMatch": true}, {"id": 38344011, "price": "0.47190000", "qty": "373.50000000", "quoteQty": "176.25465000", "time": 1693153773011, "isBuyerMaker": true, "isBestMatch": true}, {"id": 38344012, "price": "0.47180000", "qty": "373.00000000", "quoteQty": "175.98140000", "time": 1693153783296, "isBuyerMaker": true, "isBestMatch": true}, {"id": 38344013, "price": "0.47180000", "qty": "172.00000000", "quoteQty": "81.14960000", "time": 1693153783296, "isBuyerMaker": true, "isBestMatch": true}, {"id": 38344014, "price": "0.47180000", "qty": "888.30000000", "quoteQty": "419.09994000", "time": 1693153783296, "isBuyerMaker": true, "isBestMatch": true}, {"id": 38344015, "price": "0.47170000", "qty": "67.70000000", "quoteQty": "31.93409000", "time": 1693153783296, "isBuyerMaker": true, "isBestMatch": true}, {"id": 38344016, "price": "0.47180000", "qty": "45.60000000", "quoteQty": "21.51408000", "time": 1693153836148, "isBuyerMaker": true, "isBestMatch": true}, {"id": 38344017, "price": "0.47180000", "qty": "309.50000000", "quoteQty": "146.02210000", "time": 1693153836148, "isBuyerMaker": true, "isBestMatch": true}, {"id": 38344018, "price": "0.47160000", "qty": "45.50000000", "quoteQty": "21.45780000", "time": 1693153851706, "isBuyerMaker": false, "isBestMatch": true}, {"id": 38344019, "price": "0.47160000", "qty": "151.90000000", "quoteQty": "71.63604000", "time": 1693153851706, "isBuyerMaker": false, "isBestMatch": true}, {"id": 38344020, "price": "0.47150000", "qty": "774.60000000", "quoteQty": "365.22390000", "time": 1693153862904, "isBuyerMaker": true, "isBestMatch": true}, {"id": 38344021, "price": "0.47150000", "qty": "831.60000000", "quoteQty": "392.09940000", "time": 1693153862904, "isBuyerMaker": true, "isBestMatch": true}, {"id": 38344022, "price": "0.47130000", "qty": "41.50000000", "quoteQty": "19.55895000", "time": 1693153880011, "isBuyerMaker": true, "isBestMatch": true}, {"id": 38344023, "price": "0.47150000", "qty": "45.60000000", "quoteQty": "21.50040000", "time": 1693153893063, "isBuyerMaker": true, "isBestMatch": true}, {"id": 38344024, "price": "0.47150000", "qty": "57.90000000", "quoteQty": "27.29985000", "time": 1693153893063, "isBuyerMaker": true, "isBestMatch": true}, {"id": 38344025, "price": "0.47140000", "qty": "31.90000000", "quoteQty": "15.03766000", "time": 1693153893063, "isBuyerMaker": true, "isBestMatch": true}, {"id": 38344026, "price": "0.47160000", "qty": "57.80000000", "quoteQty": "27.25848000", "time": 1693153987402, "isBuyerMaker": true, "isBestMatch": true}, {"id": 38344027, "price": "0.47140000", "qty": "1102.60000000", "quoteQty": "519.76564000", "time": 1693154017345, "isBuyerMaker": true, "isBestMatch": true}, {"id": 38344028, "price": "0.47140000", "qty": "45.30000000", "quoteQty": "21.35442000", "time": 1693154017353, "isBuyerMaker": true, "isBestMatch": true}, {"id": 38344029, "price": "0.47150000", "qty": "98.20000000", "quoteQty": "46.30130000", "time": 1693154044737, "isBuyerMaker": false, "isBestMatch": true}, {"id": 38344030, "price": "0.47170000", "qty": "129.90000000", "quoteQty": "61.27383000", "time": 1693154093943, "isBuyerMaker": false, "isBestMatch": true}, {"id": 38344031, "price": "0.47180000", "qty": "41.50000000", "quoteQty": "19.57970000", "time": 1693154139325, "isBuyerMaker": false, "isBestMatch": true}, {"id": 38344032, "price": "0.47180000", "qty": "688.00000000", "quoteQty": "324.59840000", "time": 1693154139328, "isBuyerMaker": false, "isBestMatch": true}, {"id": 38344033, "price": "0.47180000", "qty": "781.80000000", "quoteQty": "368.85324000", "time": 1693154139328, "isBuyerMaker": false, "isBestMatch": true}, {"id": 38344034, "price": "0.47180000", "qty": "94.60000000", "quoteQty": "44.63228000", "time": 1693154152989, "isBuyerMaker": true, "isBestMatch": true}, {"id": 38344035, "price": "0.47150000", "qty": "45.60000000", "quoteQty": "21.50040000", "time": 1693154160341, "isBuyerMaker": false, "isBestMatch": true}, {"id": 38344036, "price": "0.47150000", "qty": "790.30000000", "quoteQty": "372.62645000", "time": 1693154160341, "isBuyerMaker": false, "isBestMatch": true}, {"id": 38344037, "price": "0.47150000", "qty": "91.80000000", "quoteQty": "43.28370000", "time": 1693154160341, "isBuyerMaker": false, "isBestMatch": true}, {"id": 38344038, "price": "0.47170000", "qty": "68.50000000", "quoteQty": "32.31145000", "time": 1693154218121, "isBuyerMaker": false, "isBestMatch": true}, {"id": 38344039, "price": "0.47160000", "qty": "31.30000000", "quoteQty": "14.76108000", "time": 1693154232196, "isBuyerMaker": true, "isBestMatch": true}, {"id": 38344040, "price": "0.47160000", "qty": "32.30000000", "quoteQty": "15.23268000", "time": 1693154257415, "isBuyerMaker": false, "isBestMatch": true}, {"id": 38344041, "price": "0.47170000", "qty": "40.90000000", "quoteQty": "19.29253000", "time": 1693154290199, "isBuyerMaker": true, "isBestMatch": true}, {"id": 38344042, "price": "0.47160000", "qty": "617.70000000", "quoteQty": "291.30732000", "time": 1693154290199, "isBuyerMaker": true, "isBestMatch": true}, {"id": 38344043, "price": "0.47150000", "qty": "1441.00000000", "quoteQty": "679.43150000", "time": 1693154303251, "isBuyerMaker": true, "isBestMatch": true}, {"id": 38344044, "price": "0.47150000", "qty": "682.20000000", "quoteQty": "321.65730000", "time": 1693154303251, "isBuyerMaker": true, "isBestMatch": true}, {"id": 38344045, "price": "0.47150000", "qty": "159.80000000", "quoteQty": "75.34570000", "time": 1693154303255, "isBuyerMaker": true, "isBestMatch": true}, {"id": 38344046, "price": "0.47150000", "qty": "24.70000000", "quoteQty": "11.64605000", "time": 1693154303255, "isBuyerMaker": true, "isBestMatch": true}, {"id": 38344047, "price": "0.47120000", "qty": "116.70000000", "quoteQty": "54.98904000", "time": 1693154363479, "isBuyerMaker": true, "isBestMatch": true}, {"id": 38344048, "price": "0.47130000", "qty": "72.00000000", "quoteQty": "33.93360000", "time": 1693154376184, "isBuyerMaker": false, "isBestMatch": true}, {"id": 38344049, "price": "0.47140000", "qty": "420.80000000", "quoteQty": "198.36512000", "time": 1693154390525, "isBuyerMaker": true, "isBestMatch": true}, {"id": 38344050, "price": "0.47130000", "qty": "424.30000000", "quoteQty": "199.97259000", "time": 1693154390525, "isBuyerMaker": true, "isBestMatch": true}, {"id": 38344051, "price": "0.47130000", "qty": "1061.50000000", "quoteQty": "500.28495000", "time": 1693154390525, "isBuyerMaker": true, "isBestMatch": true}, {"id": 38344052, "price": "0.47130000", "qty": "1403.50000000", "quoteQty": "661.46955000", "time": 1693154390525, "isBuyerMaker": true, "isBestMatch": true}, {"id": 38344053, "price": "0.47120000", "qty": "45.60000000", "quoteQty": "21.48672000", "time": 1693154390525, "isBuyerMaker": true, "isBestMatch": true}, {"id": 38344054, "price": "0.47120000", "qty": "950.00000000", "quoteQty": "447.64000000", "time": 1693154390525, "isBuyerMaker": true, "isBestMatch": true}, {"id": 38344055, "price": "0.47120000", "qty": "2103.00000000", "quoteQty": "990.93360000", "time": 1693154390525, "isBuyerMaker": true, "isBestMatch": true}, {"id": 38344056, "price": "0.47120000", "qty": "1388.70000000", "quoteQty": "654.35544000", "time": 1693154390525, "isBuyerMaker": true, "isBestMatch": true}, {"id": 38344057, "price": "0.47120000", "qty": "1241.60000000", "quoteQty": "585.04192000", "time": 1693154390525, "isBuyerMaker": true, "isBestMatch": true}, {"id": 38344058, "price": "0.47120000", "qty": "3200.00000000", "quoteQty": "1507.84000000", "time": 1693154390525, "isBuyerMaker": true, "isBestMatch": true}, {"id": 38344059, "price": "0.47120000", "qty": "1600.00000000", "quoteQty": "753.92000000", "time": 1693154390525, "isBuyerMaker": true, "isBestMatch": true}, {"id": 38344060, "price": "0.47120000", "qty": "3200.00000000", "quoteQty": "1507.84000000", "time": 1693154390525, "isBuyerMaker": true, "isBestMatch": true}, {"id": 38344061, "price": "0.47110000", "qty": "950.00000000", "quoteQty": "447.54500000", "time": 1693154390525, "isBuyerMaker": true, "isBestMatch": true}, {"id": 38344062, "price": "0.47110000", "qty": "1061.90000000", "quoteQty": "500.26109000", "time": 1693154390525, "isBuyerMaker": true, "isBestMatch": true}, {"id": 38344063, "price": "0.47110000", "qty": "3127.10000000", "quoteQty": "1473.17681000", "time": 1693154390525, "isBuyerMaker": true, "isBestMatch": true}, {"id": 38344064, "price": "0.47110000", "qty": "212.20000000", "quoteQty": "99.96742000", "time": 1693154390525, "isBuyerMaker": true, "isBestMatch": true}, {"id": 38344065, "price": "0.47110000", "qty": "1241.80000000", "quoteQty": "585.01198000", "time": 1693154390525, "isBuyerMaker": true, "isBestMatch": true}, {"id": 38344066, "price": "0.47110000", "qty": "2150.50000000", "quoteQty": "1013.10055000", "time": 1693154390525, "isBuyerMaker": true, "isBestMatch": true}, {"id": 38344067, "price": "0.47110000", "qty": "2146.70000000", "quoteQty": "1011.31037000", "time": 1693154390525, "isBuyerMaker": true, "isBestMatch": true}, {"id": 38344068, "price": "0.47100000", "qty": "483.30000000", "quoteQty": "227.63430000", "time": 1693154390525, "isBuyerMaker": true, "isBestMatch": true}, {"id": 38344069, "price": "0.47100000", "qty": "758.00000000", "quoteQty": "357.01800000", "time": 1693154390525, "isBuyerMaker": true, "isBestMatch": true}, {"id": 38344070, "price": "0.47100000", "qty": "212.00000000", "quoteQty": "99.85200000", "time": 1693154390525, "isBuyerMaker": true, "isBestMatch": true}, {"id": 38344071, "price": "0.47100000", "qty": "2904.50000000", "quoteQty": "1368.01950000", "time": 1693154390525, "isBuyerMaker": true, "isBestMatch": true}, {"id": 38344072, "price": "0.47110000", "qty": "26.60000000", "quoteQty": "12.53126000", "time": 1693154390536, "isBuyerMaker": true, "isBestMatch": true}, {"id": 38344073, "price": "0.47110000", "qty": "200.40000000", "quoteQty": "94.40844000", "time": 1693154390536, "isBuyerMaker": true, "isBestMatch": true}, {"id": 38344074, "price": "0.47110000", "qty": "50.00000000", "quoteQty": "23.55500000", "time": 1693154390538, "isBuyerMaker": true, "isBestMatch": true}, {"id": 38344075, "price": "0.47100000", "qty": "659.00000000", "quoteQty": "310.38900000", "time": 1693154390564, "isBuyerMaker": true, "isBestMatch": true}, {"id": 38344076, "price": "0.47140000", "qty": "32.10000000", "quoteQty": "15.13194000", "time": 1693154436166, "isBuyerMaker": true, "isBestMatch": true}, {"id": 38344077, "price": "0.47140000", "qty": "85.60000000", "quoteQty": "40.35184000", "time": 1693154438217, "isBuyerMaker": true, "isBestMatch": true}, {"id": 38344078, "price": "0.47150000", "qty": "41.70000000", "quoteQty": "19.66155000", "time": 1693154445061, "isBuyerMaker": true, "isBestMatch": true}, {"id": 38344079, "price": "0.47150000", "qty": "24.30000000", "quoteQty": "11.45745000", "time": 1693154445061, "isBuyerMaker": true, "isBestMatch": true}, {"id": 38344080, "price": "0.47130000", "qty": "50.00000000", "quoteQty": "23.56500000", "time": 1693154445061, "isBuyerMaker": true, "isBestMatch": true}, {"id": 38344081, "price": "0.47140000", "qty": "318.20000000", "quoteQty": "149.99948000", "time": 1693154460326, "isBuyerMaker": false, "isBestMatch": true}, {"id": 38344082, "price": "0.47150000", "qty": "250.40000000", "quoteQty": "118.06360000", "time": 1693154462118, "isBuyerMaker": false, "isBestMatch": true}, {"id": 38344083, "price": "0.47170000", "qty": "63.00000000", "quoteQty": "29.71710000", "time": 1693154462245, "isBuyerMaker": false, "isBestMatch": true}, {"id": 38344084, "price": "0.47170000", "qty": "1079.60000000", "quoteQty": "509.24732000", "time": 1693154473981, "isBuyerMaker": true, "isBestMatch": true}, {"id": 38344085, "price": "0.47170000", "qty": "42.60000000", "quoteQty": "20.09442000", "time": 1693154488646, "isBuyerMaker": true, "isBestMatch": true}, {"id": 38344086, "price": "0.47160000", "qty": "269.30000000", "quoteQty": "127.00188000", "time": 1693154488852, "isBuyerMaker": true, "isBestMatch": true}, {"id": 38344087, "price": "0.47150000", "qty": "156.80000000", "quoteQty": "73.93120000", "time": 1693154511253, "isBuyerMaker": true, "isBestMatch": true}, {"id": 38344088, "price": "0.47150000", "qty": "22.70000000", "quoteQty": "10.70305000", "time": 1693154525648, "isBuyerMaker": false, "isBestMatch": true}, {"id": 38344089, "price": "0.47170000", "qty": "130.80000000", "quoteQty": "61.69836000", "time": 1693154539007, "isBuyerMaker": true, "isBestMatch": true}, {"id": 38344090, "price": "0.47170000", "qty": "163.00000000", "quoteQty": "76.88710000", "time": 1693154539012, "isBuyerMaker": true, "isBestMatch": true}, {"id": 38344091, "price": "0.47170000", "qty": "74.70000000", "quoteQty": "35.23599000", "time": 1693154539016, "isBuyerMaker": true, "isBestMatch": true}, {"id": 38344092, "price": "0.47170000", "qty": "1061.60000000", "quoteQty": "500.75672000", "time": 1693154547340, "isBuyerMaker": true, "isBestMatch": true}, {"id": 38344093, "price": "0.47170000", "qty": "1060.60000000", "quoteQty": "500.28502000", "time": 1693154547340, "isBuyerMaker": true, "isBestMatch": true}, {"id": 38344094, "price": "0.47170000", "qty": "31.50000000", "quoteQty": "14.85855000", "time": 1693154547340, "isBuyerMaker": true, "isBestMatch": true}, {"id": 38344095, "price": "0.47160000", "qty": "49.20000000", "quoteQty": "23.20272000", "time": 1693154547340, "isBuyerMaker": true, "isBestMatch": true}, {"id": 38344096, "price": "0.47160000", "qty": "950.00000000", "quoteQty": "448.02000000", "time": 1693154547340, "isBuyerMaker": true, "isBestMatch": true}, {"id": 38344097, "price": "0.47160000", "qty": "23.00000000", "quoteQty": "10.84680000", "time": 1693154547340, "isBuyerMaker": true, "isBestMatch": true}, {"id": 38344098, "price": "0.47160000", "qty": "39.70000000", "quoteQty": "18.72252000", "time": 1693154547340, "isBuyerMaker": true, "isBestMatch": true}, {"id": 38344099, "price": "0.47170000", "qty": "24.00000000", "quoteQty": "11.32080000", "time": 1693154562334, "isBuyerMaker": false, "isBestMatch": true}, {"id": 38344100, "price": "0.47170000", "qty": "45.60000000", "quoteQty": "21.50952000", "time": 1693154579672, "isBuyerMaker": false, "isBestMatch": true}, {"id": 38344101, "price": "0.47170000", "qty": "25.10000000", "quoteQty": "11.83967000", "time": 1693154627180, "isBuyerMaker": true, "isBestMatch": true}, {"id": 38344102, "price": "0.47160000", "qty": "498.00000000", "quoteQty": "234.85680000", "time": 1693154736691, "isBuyerMaker": false, "isBestMatch": true}, {"id": 38344103, "price": "0.47200000", "qty": "55.00000000", "quoteQty": "25.96000000", "time": 1693154867569, "isBuyerMaker": false, "isBestMatch": true}, {"id": 38344104, "price": "0.47200000", "qty": "425.10000000", "quoteQty": "200.64720000", "time": 1693154867569, "isBuyerMaker": false, "isBestMatch": true}, {"id": 38344105, "price": "0.47220000", "qty": "106.10000000", "quoteQty": "50.10042000", "time": 1693154879860, "isBuyerMaker": false, "isBestMatch": true}, {"id": 38344106, "price": "0.47210000", "qty": "29.10000000", "quoteQty": "13.73811000", "time": 1693154881856, "isBuyerMaker": true, "isBestMatch": true}, {"id": 38344107, "price": "0.47210000", "qty": "37.00000000", "quoteQty": "17.46770000", "time": 1693154887265, "isBuyerMaker": true, "isBestMatch": true}, {"id": 38344108, "price": "0.47210000", "qty": "1059.70000000", "quoteQty": "500.28437000", "time": 1693154887265, "isBuyerMaker": true, "isBestMatch": true}, {"id": 38344109, "price": "0.47200000", "qty": "93.60000000", "quoteQty": "44.17920000", "time": 1693154893635, "isBuyerMaker": true, "isBestMatch": true}, {"id": 38344110, "price": "0.47200000", "qty": "32.70000000", "quoteQty": "15.43440000", "time": 1693154893635, "isBuyerMaker": true, "isBestMatch": true}, {"id": 38344111, "price": "0.47200000", "qty": "1059.90000000", "quoteQty": "500.27280000", "time": 1693154893635, "isBuyerMaker": true, "isBestMatch": true}, {"id": 38344112, "price": "0.47200000", "qty": "2146.50000000", "quoteQty": "1013.14800000", "time": 1693154893635, "isBuyerMaker": true, "isBestMatch": true}, {"id": 38344113, "price": "0.47200000", "qty": "307.30000000", "quoteQty": "145.04560000", "time": 1693154893635, "isBuyerMaker": true, "isBestMatch": true}, {"id": 38344114, "price": "0.47200000", "qty": "1841.50000000", "quoteQty": "869.18800000", "time": 1693154896127, "isBuyerMaker": true, "isBestMatch": true}, {"id": 38344115, "price": "0.47200000", "qty": "228.80000000", "quoteQty": "107.99360000", "time": 1693154896127, "isBuyerMaker": true, "isBestMatch": true}, {"id": 38344116, "price": "0.47240000", "qty": "26.40000000", "quoteQty": "12.47136000", "time": 1693154979787, "isBuyerMaker": false, "isBestMatch": true}, {"id": 38344117, "price": "0.47240000", "qty": "45.60000000", "quoteQty": "21.54144000", "time": 1693154979787, "isBuyerMaker": false, "isBestMatch": true}, {"id": 38344118, "price": "0.47250000", "qty": "30.80000000", "quoteQty": "14.55300000", "time": 1693154979787, "isBuyerMaker": false, "isBestMatch": true}, {"id": 38344119, "price": "0.47250000", "qty": "596.20000000", "quoteQty": "281.70450000", "time": 1693154979787, "isBuyerMaker": false, "isBestMatch": true}, {"id": 38344120, "price": "0.47250000", "qty": "32.50000000", "quoteQty": "15.35625000", "time": 1693154981787, "isBuyerMaker": false, "isBestMatch": true}, {"id": 38344121, "price": "0.47250000", "qty": "666.60000000", "quoteQty": "314.96850000", "time": 1693154981787, "isBuyerMaker": false, "isBestMatch": true}, {"id": 38344122, "price": "0.47250000", "qty": "190.00000000", "quoteQty": "89.77500000", "time": 1693154982787, "isBuyerMaker": false, "isBestMatch": true}, {"id": 38344123, "price": "0.47250000", "qty": "509.10000000", "quoteQty": "240.54975000", "time": 1693154982787, "isBuyerMaker": false, "isBestMatch": true}, {"id": 38344124, "price": "0.47220000", "qty": "657.80000000", "quoteQty": "310.61316000", "time": 1693155003335, "isBuyerMaker": true, "isBestMatch": true}, {"id": 38344125, "price": "0.47240000", "qty": "33.40000000", "quoteQty": "15.77816000", "time": 1693155034525, "isBuyerMaker": false, "isBestMatch": true}, {"id": 38344126, "price": "0.47240000", "qty": "101.00000000", "quoteQty": "47.71240000", "time": 1693155077564, "isBuyerMaker": false, "isBestMatch": true}, {"id": 38344127, "price": "0.47240000", "qty": "36.10000000", "quoteQty": "17.05364000", "time": 1693155082380, "isBuyerMaker": false, "isBestMatch": true}, {"id": 38344128, "price": "0.47230000", "qty": "215.10000000", "quoteQty": "101.59173000", "time": 1693155086159, "isBuyerMaker": true, "isBestMatch": true}, {"id": 38344129, "price": "0.47240000", "qty": "129.20000000", "quoteQty": "61.03408000", "time": 1693155114387, "isBuyerMaker": false, "isBestMatch": true}, {"id": 38344130, "price": "0.47250000", "qty": "23.10000000", "quoteQty": "10.91475000", "time": 1693155122388, "isBuyerMaker": true, "isBestMatch": true}, {"id": 38344131, "price": "0.47250000", "qty": "213.60000000", "quoteQty": "100.92600000", "time": 1693155158217, "isBuyerMaker": true, "isBestMatch": true}, {"id": 38344132, "price": "0.47240000", "qty": "32.50000000", "quoteQty": "15.35300000", "time": 1693155167650, "isBuyerMaker": false, "isBestMatch": true}, {"id": 38344133, "price": "0.47240000", "qty": "128.20000000", "quoteQty": "60.56168000", "time": 1693155167650, "isBuyerMaker": false, "isBestMatch": true}, {"id": 38344134, "price": "0.47240000", "qty": "156.60000000", "quoteQty": "73.97784000", "time": 1693155167650, "isBuyerMaker": false, "isBestMatch": true}, {"id": 38344135, "price": "0.47230000", "qty": "45.30000000", "quoteQty": "21.39519000", "time": 1693155188924, "isBuyerMaker": false, "isBestMatch": true}, {"id": 38344136, "price": "0.47220000", "qty": "93.10000000", "quoteQty": "43.96182000", "time": 1693155198554, "isBuyerMaker": true, "isBestMatch": true}, {"id": 38344137, "price": "0.47210000", "qty": "29.40000000", "quoteQty": "13.87974000", "time": 1693155227856, "isBuyerMaker": false, "isBestMatch": true}, {"id": 38344138, "price": "0.47210000", "qty": "504.70000000", "quoteQty": "238.26887000", "time": 1693155239460, "isBuyerMaker": false, "isBestMatch": true}, {"id": 38344139, "price": "0.47210000", "qty": "614.80000000", "quoteQty": "290.24708000", "time": 1693155239460, "isBuyerMaker": false, "isBestMatch": true}, {"id": 38344140, "price": "0.47240000", "qty": "250.40000000", "quoteQty": "118.28896000", "time": 1693155301819, "isBuyerMaker": false, "isBestMatch": true}, {"id": 38344141, "price": "0.47240000", "qty": "868.80000000", "quoteQty": "410.42112000", "time": 1693155365432, "isBuyerMaker": true, "isBestMatch": true}, {"id": 38344142, "price": "0.47240000", "qty": "211.60000000", "quoteQty": "99.95984000", "time": 1693155365440, "isBuyerMaker": true, "isBestMatch": true}, {"id": 38344143, "price": "0.47250000", "qty": "628.50000000", "quoteQty": "296.96625000", "time": 1693155392657, "isBuyerMaker": false, "isBestMatch": true}, {"id": 38344144, "price": "0.47260000", "qty": "1182.00000000", "quoteQty": "558.61320000", "time": 1693155392657, "isBuyerMaker": false, "isBestMatch": true}, {"id": 38344145, "price": "0.47260000", "qty": "950.00000000", "quoteQty": "448.97000000", "time": 1693155392657, "isBuyerMaker": false, "isBestMatch": true}, {"id": 38344146, "price": "0.47260000", "qty": "712.70000000", "quoteQty": "336.82202000", "time": 1693155392657, "isBuyerMaker": false, "isBestMatch": true}, {"id": 38344147, "price": "0.47270000", "qty": "250.40000000", "quoteQty": "118.36408000", "time": 1693155420603, "isBuyerMaker": false, "isBestMatch": true}, {"id": 38344148, "price": "0.47260000", "qty": "206.70000000", "quoteQty": "97.68642000", "time": 1693155438349, "isBuyerMaker": true, "isBestMatch": true}, {"id": 38344149, "price": "0.47260000", "qty": "197.20000000", "quoteQty": "93.19672000", "time": 1693155438404, "isBuyerMaker": true, "isBestMatch": true}, {"id": 38344150, "price": "0.47270000", "qty": "2156.70000000", "quoteQty": "1019.47209000", "time": 1693155444979, "isBuyerMaker": false, "isBestMatch": true}, {"id": 38344151, "price": "0.47270000", "qty": "1454.20000000", "quoteQty": "687.40034000", "time": 1693155444979, "isBuyerMaker": false, "isBestMatch": true}, {"id": 38344152, "price": "0.47270000", "qty": "26.20000000", "quoteQty": "12.38474000", "time": 1693155444979, "isBuyerMaker": false, "isBestMatch": true}, {"id": 38344153, "price": "0.47270000", "qty": "287.70000000", "quoteQty": "135.99579000", "time": 1693155459825, "isBuyerMaker": true, "isBestMatch": true}, {"id": 38344154, "price": "0.47290000", "qty": "107.90000000", "quoteQty": "51.02591000", "time": 1693155508682, "isBuyerMaker": false, "isBestMatch": true}, {"id": 38344155, "price": "0.47290000", "qty": "85.20000000", "quoteQty": "40.29108000", "time": 1693155508682, "isBuyerMaker": false, "isBestMatch": true}, {"id": 38344156, "price": "0.47290000", "qty": "879.60000000", "quoteQty": "415.96284000", "time": 1693155508682, "isBuyerMaker": false, "isBestMatch": true}, {"id": 38344157, "price": "0.47290000", "qty": "630.40000000", "quoteQty": "298.11616000", "time": 1693155508682, "isBuyerMaker": false, "isBestMatch": true}, {"id": 38344158, "price": "0.47290000", "qty": "5362.10000000", "quoteQty": "2535.73709000", "time": 1693155578679, "isBuyerMaker": false, "isBestMatch": true}, {"id": 38344159, "price": "0.47290000", "qty": "6726.20000000", "quoteQty": "3180.81998000", "time": 1693155578682, "isBuyerMaker": false, "isBestMatch": true}, {"id": 38344160, "price": "0.47290000", "qty": "309.80000000", "quoteQty": "146.50442000", "time": 1693155578682, "isBuyerMaker": false, "isBestMatch": true}, {"id": 38344161, "price": "0.47290000", "qty": "2605.30000000", "quoteQty": "1232.04637000", "time": 1693155578682, "isBuyerMaker": false, "isBestMatch": true}, {"id": 38344162, "price": "0.47290000", "qty": "53.90000000", "quoteQty": "25.48931000", "time": 1693155578683, "isBuyerMaker": false, "isBestMatch": true}, {"id": 38344163, "price": "0.47290000", "qty": "81.80000000", "quoteQty": "38.68322000", "time": 1693155578683, "isBuyerMaker": false, "isBestMatch": true}, {"id": 38344164, "price": "0.47300000", "qty": "52.60000000", "quoteQty": "24.87980000", "time": 1693155580374, "isBuyerMaker": false, "isBestMatch": true}, {"id": 38344165, "price": "0.47300000", "qty": "2.40000000", "quoteQty": "1.13520000", "time": 1693155598369, "isBuyerMaker": false, "isBestMatch": true}, {"id": 38344166, "price": "0.47310000", "qty": "123.20000000", "quoteQty": "58.28592000", "time": 1693155598369, "isBuyerMaker": false, "isBestMatch": true}, {"id": 38344167, "price": "0.47310000", "qty": "57.00000000", "quoteQty": "26.96670000", "time": 1693155601042, "isBuyerMaker": false, "isBestMatch": true}, {"id": 38344168, "price": "0.47310000", "qty": "177.60000000", "quoteQty": "84.02256000", "time": 1693155601042, "isBuyerMaker": false, "isBestMatch": true}, {"id": 38344169, "price": "0.47310000", "qty": "180.20000000", "quoteQty": "85.25262000", "time": 1693155601042, "isBuyerMaker": false, "isBestMatch": true}, {"id": 38344170, "price": "0.47310000", "qty": "21.50000000", "quoteQty": "10.17165000", "time": 1693155602862, "isBuyerMaker": true, "isBestMatch": true}, {"id": 38344171, "price": "0.47320000", "qty": "45.50000000", "quoteQty": "21.53060000", "time": 1693155612789, "isBuyerMaker": true, "isBestMatch": true}, {"id": 38344172, "price": "0.47320000", "qty": "180.50000000", "quoteQty": "85.41260000", "time": 1693155612789, "isBuyerMaker": true, "isBestMatch": true}, {"id": 38344173, "price": "0.47310000", "qty": "29.60000000", "quoteQty": "14.00376000", "time": 1693155613517, "isBuyerMaker": false, "isBestMatch": true}, {"id": 38344174, "price": "0.47310000", "qty": "37.40000000", "quoteQty": "17.69394000", "time": 1693155630089, "isBuyerMaker": false, "isBestMatch": true}, {"id": 38344175, "price": "0.47310000", "qty": "384.30000000", "quoteQty": "181.81233000", "time": 1693155630089, "isBuyerMaker": false, "isBestMatch": true}, {"id": 38344176, "price": "0.47300000", "qty": "128.90000000", "quoteQty": "60.96970000", "time": 1693155638844, "isBuyerMaker": false, "isBestMatch": true}, {"id": 38344177, "price": "0.47310000", "qty": "29.60000000", "quoteQty": "14.00376000", "time": 1693155639340, "isBuyerMaker": false, "isBestMatch": true}, {"id": 38344178, "price": "0.47320000", "qty": "37.60000000", "quoteQty": "17.79232000", "time": 1693155645477, "isBuyerMaker": false, "isBestMatch": true}, {"id": 38344179, "price": "0.47320000", "qty": "316.90000000", "quoteQty": "149.95708000", "time": 1693155689000, "isBuyerMaker": true, "isBestMatch": true}, {"id": 38344180, "price": "0.47320000", "qty": "116.20000000", "quoteQty": "54.98584000", "time": 1693155751274, "isBuyerMaker": false, "isBestMatch": true}, {"id": 38344181, "price": "0.47310000", "qty": "1057.40000000", "quoteQty": "500.25594000", "time": 1693155754169, "isBuyerMaker": true, "isBestMatch": true}, {"id": 38344182, "price": "0.47300000", "qty": "433.60000000", "quoteQty": "205.09280000", "time": 1693155766799, "isBuyerMaker": false, "isBestMatch": true}, {"id": 38344183, "price": "0.47290000", "qty": "45.50000000", "quoteQty": "21.51695000", "time": 1693155772297, "isBuyerMaker": true, "isBestMatch": true}, {"id": 38344184, "price": "0.47280000", "qty": "387.60000000", "quoteQty": "183.25728000", "time": 1693155772297, "isBuyerMaker": true, "isBestMatch": true}, {"id": 38344185, "price": "0.47280000", "qty": "22.60000000", "quoteQty": "10.68528000", "time": 1693155820431, "isBuyerMaker": false, "isBestMatch": true}, {"id": 38344186, "price": "0.47280000", "qty": "210.70000000", "quoteQty": "99.61896000", "time": 1693155820431, "isBuyerMaker": false, "isBestMatch": true}, {"id": 38344187, "price": "0.47280000", "qty": "91.90000000", "quoteQty": "43.45032000", "time": 1693155838371, "isBuyerMaker": false, "isBestMatch": true}, {"id": 38344188, "price": "0.47280000", "qty": "698.20000000", "quoteQty": "330.10896000", "time": 1693155838371, "isBuyerMaker": false, "isBestMatch": true}, {"id": 38344189, "price": "0.47290000", "qty": "9.90000000", "quoteQty": "4.68171000", "time": 1693155838371, "isBuyerMaker": false, "isBestMatch": true}, {"id": 38344190, "price": "0.47290000", "qty": "35.60000000", "quoteQty": "16.83524000", "time": 1693155838371, "isBuyerMaker": false, "isBestMatch": true}, {"id": 38344191, "price": "0.47290000", "qty": "821.40000000", "quoteQty": "388.44006000", "time": 1693155838371, "isBuyerMaker": false, "isBestMatch": true}, {"id": 38344192, "price": "0.47290000", "qty": "414.00000000", "quoteQty": "195.78060000", "time": 1693155838371, "isBuyerMaker": false, "isBestMatch": true}, {"id": 38344193, "price": "0.47290000", "qty": "443.00000000", "quoteQty": "209.49470000", "time": 1693155838371, "isBuyerMaker": false, "isBestMatch": true}, {"id": 38344194, "price": "0.47300000", "qty": "27.00000000", "quoteQty": "12.77100000", "time": 1693155838377, "isBuyerMaker": false, "isBestMatch": true}, {"id": 38344195, "price": "0.47300000", "qty": "27.00000000", "quoteQty": "12.77100000", "time": 1693155838379, "isBuyerMaker": false, "isBestMatch": true}, {"id": 38344196, "price": "0.47250000", "qty": "45.50000000", "quoteQty": "21.49875000", "time": 1693155936207, "isBuyerMaker": true, "isBestMatch": true}, {"id": 38344197, "price": "0.47250000", "qty": "56.10000000", "quoteQty": "26.50725000", "time": 1693155936207, "isBuyerMaker": true, "isBestMatch": true}, {"id": 38344198, "price": "0.47230000", "qty": "214.20000000", "quoteQty": "101.16666000", "time": 1693155950988, "isBuyerMaker": true, "isBestMatch": true}, {"id": 38344199, "price": "0.47230000", "qty": "42.70000000", "quoteQty": "20.16721000", "time": 1693155952692, "isBuyerMaker": true, "isBestMatch": true}, {"id": 38344200, "price": "0.47230000", "qty": "32.00000000", "quoteQty": "15.11360000", "time": 1693155953716, "isBuyerMaker": true, "isBestMatch": true}, {"id": 38344201, "price": "0.47230000", "qty": "32.00000000", "quoteQty": "15.11360000", "time": 1693155954662, "isBuyerMaker": true, "isBestMatch": true}, {"id": 38344202, "price": "0.47250000", "qty": "26.60000000", "quoteQty": "12.56850000", "time": 1693155988787, "isBuyerMaker": false, "isBestMatch": true}, {"id": 38344203, "price": "0.47250000", "qty": "18.90000000", "quoteQty": "8.93025000", "time": 1693155998875, "isBuyerMaker": false, "isBestMatch": true}, {"id": 38344204, "price": "0.47280000", "qty": "45.50000000", "quoteQty": "21.51240000", "time": 1693156073230, "isBuyerMaker": true, "isBestMatch": true}, {"id": 38344205, "price": "0.47280000", "qty": "32.60000000", "quoteQty": "15.41328000", "time": 1693156073230, "isBuyerMaker": true, "isBestMatch": true}, {"id": 38344206, "price": "0.47280000", "qty": "14.60000000", "quoteQty": "6.90288000", "time": 1693156073230, "isBuyerMaker": true, "isBestMatch": true}, {"id": 38344207, "price": "0.47290000", "qty": "1057.80000000", "quoteQty": "500.23362000", "time": 1693156124079, "isBuyerMaker": true, "isBestMatch": true}, {"id": 38344208, "price": "0.47250000", "qty": "6.40000000", "quoteQty": "3.02400000", "time": 1693156182624, "isBuyerMaker": true, "isBestMatch": true}, {"id": 38344209, "price": "0.47250000", "qty": "1043.20000000", "quoteQty": "492.91200000", "time": 1693156182624, "isBuyerMaker": true, "isBestMatch": true}, {"id": 38344210, "price": "0.47250000", "qty": "15.50000000", "quoteQty": "7.32375000", "time": 1693156182638, "isBuyerMaker": true, "isBestMatch": true}, {"id": 38344211, "price": "0.47240000", "qty": "691.00000000", "quoteQty": "326.42840000", "time": 1693156182666, "isBuyerMaker": true, "isBestMatch": true}, {"id": 38344212, "price": "0.47240000", "qty": "950.00000000", "quoteQty": "448.78000000", "time": 1693156182666, "isBuyerMaker": true, "isBestMatch": true}, {"id": 38344213, "price": "0.47240000", "qty": "654.00000000", "quoteQty": "308.94960000", "time": 1693156182666, "isBuyerMaker": true, "isBestMatch": true}, {"id": 38344214, "price": "0.47240000", "qty": "2147.50000000", "quoteQty": "1014.47900000", "time": 1693156182666, "isBuyerMaker": true, "isBestMatch": true}, {"id": 38344215, "price": "0.47240000", "qty": "2144.70000000", "quoteQty": "1013.15628000", "time": 1693156182666, "isBuyerMaker": true, "isBestMatch": true}, {"id": 38344216, "price": "0.47240000", "qty": "800.00000000", "quoteQty": "377.92000000", "time": 1693156182666, "isBuyerMaker": true, "isBestMatch": true}, {"id": 38344217, "price": "0.47240000", "qty": "612.80000000", "quoteQty": "289.48672000", "time": 1693156182666, "isBuyerMaker": true, "isBestMatch": true}, {"id": 38344218, "price": "0.47260000", "qty": "45.50000000", "quoteQty": "21.50330000", "time": 1693156233950, "isBuyerMaker": false, "isBestMatch": true}, {"id": 38344219, "price": "0.47260000", "qty": "191.90000000", "quoteQty": "90.69194000", "time": 1693156233950, "isBuyerMaker": false, "isBestMatch": true}, {"id": 38344220, "price": "0.47240000", "qty": "23.60000000", "quoteQty": "11.14864000", "time": 1693156264946, "isBuyerMaker": true, "isBestMatch": true}, {"id": 38344221, "price": "0.47240000", "qty": "400.00000000", "quoteQty": "188.96000000", "time": 1693156285075, "isBuyerMaker": true, "isBestMatch": true}, {"id": 38344222, "price": "0.47240000", "qty": "213.60000000", "quoteQty": "100.90464000", "time": 1693156285091, "isBuyerMaker": true, "isBestMatch": true}, {"id": 38344223, "price": "0.47240000", "qty": "2057.60000000", "quoteQty": "972.01024000", "time": 1693156290570, "isBuyerMaker": false, "isBestMatch": true}, {"id": 38344224, "price": "0.47240000", "qty": "1128.60000000", "quoteQty": "533.15064000", "time": 1693156290570, "isBuyerMaker": false, "isBestMatch": true}, {"id": 38344225, "price": "0.47260000", "qty": "317.50000000", "quoteQty": "150.05050000", "time": 1693156290631, "isBuyerMaker": false, "isBestMatch": true}, {"id": 38344226, "price": "0.47270000", "qty": "45.50000000", "quoteQty": "21.50785000", "time": 1693156300063, "isBuyerMaker": true, "isBestMatch": true}, {"id": 38344227, "price": "0.47260000", "qty": "45.50000000", "quoteQty": "21.50330000", "time": 1693156300063, "isBuyerMaker": true, "isBestMatch": true}, {"id": 38344228, "price": "0.47260000", "qty": "332.10000000", "quoteQty": "156.95046000", "time": 1693156300063, "isBuyerMaker": true, "isBestMatch": true}, {"id": 38344229, "price": "0.47260000", "qty": "134.00000000", "quoteQty": "63.32840000", "time": 1693156308537, "isBuyerMaker": true, "isBestMatch": true}, {"id": 38344230, "price": "0.47260000", "qty": "45.50000000", "quoteQty": "21.50330000", "time": 1693156316931, "isBuyerMaker": false, "isBestMatch": true}, {"id": 38344231, "price": "0.47260000", "qty": "187.40000000", "quoteQty": "88.56524000", "time": 1693156316931, "isBuyerMaker": false, "isBestMatch": true}, {"id": 38344232, "price": "0.47250000", "qty": "1058.60000000", "quoteQty": "500.18850000", "time": 1693156328052, "isBuyerMaker": true, "isBestMatch": true}, {"id": 38344233, "price": "0.47250000", "qty": "45.50000000", "quoteQty": "21.49875000", "time": 1693156353219, "isBuyerMaker": false, "isBestMatch": true}, {"id": 38344234, "price": "0.47250000", "qty": "656.20000000", "quoteQty": "310.05450000", "time": 1693156353219, "isBuyerMaker": false, "isBestMatch": true}, {"id": 38344235, "price": "0.47230000", "qty": "45.50000000", "quoteQty": "21.48965000", "time": 1693156414867, "isBuyerMaker": true, "isBestMatch": true}, {"id": 38344236, "price": "0.47230000", "qty": "1398.00000000", "quoteQty": "660.27540000", "time": 1693156414867, "isBuyerMaker": true, "isBestMatch": true}, {"id": 38344237, "price": "0.47230000", "qty": "156.50000000", "quoteQty": "73.91495000", "time": 1693156414867, "isBuyerMaker": true, "isBestMatch": true}, {"id": 38344238, "price": "0.47230000", "qty": "710.00000000", "quoteQty": "335.33300000", "time": 1693156414868, "isBuyerMaker": true, "isBestMatch": true}, {"id": 38344239, "price": "0.47230000", "qty": "147.00000000", "quoteQty": "69.42810000", "time": 1693156414868, "isBuyerMaker": true, "isBestMatch": true}, {"id": 38344240, "price": "0.47230000", "qty": "857.00000000", "quoteQty": "404.76110000", "time": 1693156414868, "isBuyerMaker": true, "isBestMatch": true}, {"id": 38344241, "price": "0.47230000", "qty": "55.20000000", "quoteQty": "26.07096000", "time": 1693156414869, "isBuyerMaker": true, "isBestMatch": true}, {"id": 38344242, "price": "0.47220000", "qty": "950.00000000", "quoteQty": "448.59000000", "time": 1693156414869, "isBuyerMaker": true, "isBestMatch": true}, {"id": 38344243, "price": "0.47210000", "qty": "250.40000000", "quoteQty": "118.21384000", "time": 1693156415186, "isBuyerMaker": false, "isBestMatch": true}, {"id": 38344244, "price": "0.47210000", "qty": "1059.60000000", "quoteQty": "500.23716000", "time": 1693156468918, "isBuyerMaker": true, "isBestMatch": true}, {"id": 38344245, "price": "0.47210000", "qty": "400.40000000", "quoteQty": "189.02884000", "time": 1693156468918, "isBuyerMaker": true, "isBestMatch": true}, {"id": 38344246, "price": "0.47230000", "qty": "578.30000000", "quoteQty": "273.13109000", "time": 1693156519134, "isBuyerMaker": true, "isBestMatch": true}, {"id": 38344247, "price": "0.47230000", "qty": "221.70000000", "quoteQty": "104.70891000", "time": 1693156519134, "isBuyerMaker": true, "isBestMatch": true}, {"id": 38344248, "price": "0.47230000", "qty": "837.40000000", "quoteQty": "395.50402000", "time": 1693156519136, "isBuyerMaker": true, "isBestMatch": true}