[{"id": 38339892, "price": "0.46280000", "qty": "103.10000000", "quoteQty": "47.71468000", "time": 1693102684562, "isBuyerMaker": false, "isBestMatch": true}, {"id": 38339893, "price": "0.46280000", "qty": "103.10000000", "quoteQty": "47.71468000", "time": 1693102684562, "isBuyerMaker": false, "isBestMatch": true}, {"id": 38339894, "price": "0.46280000", "qty": "56.50000000", "quoteQty": "26.14820000", "time": 1693102684562, "isBuyerMaker": false, "isBestMatch": true}, {"id": 38339895, "price": "0.46280000", "qty": "46.60000000", "quoteQty": "21.56648000", "time": 1693102684627, "isBuyerMaker": false, "isBestMatch": true}, {"id": 38339896, "price": "0.46280000", "qty": "56.40000000", "quoteQty": "26.10192000", "time": 1693102684627, "isBuyerMaker": false, "isBestMatch": true}, {"id": 38339897, "price": "0.46280000", "qty": "46.70000000", "quoteQty": "21.61276000", "time": 1693102684628, "isBuyerMaker": false, "isBestMatch": true}, {"id": 38339898, "price": "0.46280000", "qty": "56.30000000", "quoteQty": "26.05564000", "time": 1693102684628, "isBuyerMaker": false, "isBestMatch": true}, {"id": 38339899, "price": "0.46280000", "qty": "46.10000000", "quoteQty": "21.33508000", "time": 1693102684630, "isBuyerMaker": false, "isBestMatch": true}, {"id": 38339900, "price": "0.46280000", "qty": "49.70000000", "quoteQty": "23.00116000", "time": 1693102734208, "isBuyerMaker": true, "isBestMatch": true}, {"id": 38339901, "price": "0.46270000", "qty": "586.40000000", "quoteQty": "271.32728000", "time": 1693102845439, "isBuyerMaker": true, "isBestMatch": true}, {"id": 38339902, "price": "0.46270000", "qty": "176.30000000", "quoteQty": "81.57401000", "time": 1693102845441, "isBuyerMaker": true, "isBestMatch": true}, {"id": 38339903, "price": "0.46270000", "qty": "156.60000000", "quoteQty": "72.45882000", "time": 1693102845444, "isBuyerMaker": true, "isBestMatch": true}, {"id": 38339904, "price": "0.46270000", "qty": "267.60000000", "quoteQty": "123.81852000", "time": 1693102845444, "isBuyerMaker": true, "isBestMatch": true}, {"id": 38339905, "price": "0.46270000", "qty": "800.00000000", "quoteQty": "370.16000000", "time": 1693102845454, "isBuyerMaker": true, "isBestMatch": true}, {"id": 38339906, "price": "0.46270000", "qty": "1200.00000000", "quoteQty": "555.24000000", "time": 1693102845454, "isBuyerMaker": true, "isBestMatch": true}, {"id": 38339907, "price": "0.46270000", "qty": "1600.00000000", "quoteQty": "740.32000000", "time": 1693102845454, "isBuyerMaker": true, "isBestMatch": true}, {"id": 38339908, "price": "0.46270000", "qty": "280.70000000", "quoteQty": "129.87989000", "time": 1693102845454, "isBuyerMaker": true, "isBestMatch": true}, {"id": 38339909, "price": "0.46270000", "qty": "799.60000000", "quoteQty": "369.97492000", "time": 1693102845455, "isBuyerMaker": true, "isBestMatch": true}, {"id": 38339910, "price": "0.46230000", "qty": "204.70000000", "quoteQty": "94.63281000", "time": 1693102859782, "isBuyerMaker": false, "isBestMatch": true}, {"id": 38339911, "price": "0.46230000", "qty": "54.80000000", "quoteQty": "25.33404000", "time": 1693102859782, "isBuyerMaker": false, "isBestMatch": true}, {"id": 38339912, "price": "0.46230000", "qty": "163.00000000", "quoteQty": "75.35490000", "time": 1693102859782, "isBuyerMaker": false, "isBestMatch": true}, {"id": 38339913, "price": "0.46250000", "qty": "81.00000000", "quoteQty": "37.46250000", "time": 1693102859803, "isBuyerMaker": false, "isBestMatch": true}, {"id": 38339914, "price": "0.46230000", "qty": "27.50000000", "quoteQty": "12.71325000", "time": 1693102924135, "isBuyerMaker": false, "isBestMatch": true}, {"id": 38339915, "price": "0.46230000", "qty": "115.40000000", "quoteQty": "53.34942000", "time": 1693102924135, "isBuyerMaker": false, "isBestMatch": true}, {"id": 38339916, "price": "0.46250000", "qty": "21.10000000", "quoteQty": "9.75875000", "time": 1693102924135, "isBuyerMaker": false, "isBestMatch": true}, {"id": 38339917, "price": "0.46190000", "qty": "649.40000000", "quoteQty": "299.95786000", "time": 1693103324545, "isBuyerMaker": true, "isBestMatch": true}, {"id": 38339918, "price": "0.46190000", "qty": "30.90000000", "quoteQty": "14.27271000", "time": 1693103324545, "isBuyerMaker": true, "isBestMatch": true}, {"id": 38339919, "price": "0.46190000", "qty": "0.10000000", "quoteQty": "0.04619000", "time": 1693103324545, "isBuyerMaker": true, "isBestMatch": true}, {"id": 38339920, "price": "0.46170000", "qty": "36.00000000", "quoteQty": "16.62120000", "time": 1693103362323, "isBuyerMaker": false, "isBestMatch": true}, {"id": 38339921, "price": "0.46170000", "qty": "56.00000000", "quoteQty": "25.85520000", "time": 1693103366488, "isBuyerMaker": false, "isBestMatch": true}, {"id": 38339922, "price": "0.46170000", "qty": "625.00000000", "quoteQty": "288.56250000", "time": 1693103383928, "isBuyerMaker": true, "isBestMatch": true}, {"id": 38339923, "price": "0.46170000", "qty": "1795.30000000", "quoteQty": "828.89001000", "time": 1693103383928, "isBuyerMaker": true, "isBestMatch": true}, {"id": 38339924, "price": "0.46170000", "qty": "801.60000000", "quoteQty": "370.09872000", "time": 1693103383928, "isBuyerMaker": true, "isBestMatch": true}, {"id": 38339925, "price": "0.46170000", "qty": "992.60000000", "quoteQty": "458.28342000", "time": 1693103383934, "isBuyerMaker": true, "isBestMatch": true}, {"id": 38339926, "price": "0.46170000", "qty": "68.80000000", "quoteQty": "31.76496000", "time": 1693103383934, "isBuyerMaker": true, "isBestMatch": true}, {"id": 38339927, "price": "0.46170000", "qty": "25.50000000", "quoteQty": "11.77335000", "time": 1693103402957, "isBuyerMaker": false, "isBestMatch": true}, {"id": 38339928, "price": "0.46180000", "qty": "69.70000000", "quoteQty": "32.18746000", "time": 1693103436569, "isBuyerMaker": true, "isBestMatch": true}, {"id": 38339929, "price": "0.46180000", "qty": "250.40000000", "quoteQty": "115.63472000", "time": 1693103478874, "isBuyerMaker": true, "isBestMatch": true}, {"id": 38339930, "price": "0.46180000", "qty": "28.50000000", "quoteQty": "13.16130000", "time": 1693103478874, "isBuyerMaker": true, "isBestMatch": true}, {"id": 38339931, "price": "0.46180000", "qty": "1211.30000000", "quoteQty": "559.37834000", "time": 1693103478875, "isBuyerMaker": true, "isBestMatch": true}, {"id": 38339932, "price": "0.46180000", "qty": "400.00000000", "quoteQty": "184.72000000", "time": 1693103478885, "isBuyerMaker": true, "isBestMatch": true}, {"id": 38339933, "price": "0.46170000", "qty": "598.60000000", "quoteQty": "276.37362000", "time": 1693103478885, "isBuyerMaker": true, "isBestMatch": true}, {"id": 38339934, "price": "0.46190000", "qty": "617.50000000", "quoteQty": "285.22325000", "time": 1693103513429, "isBuyerMaker": false, "isBestMatch": true}, {"id": 38339935, "price": "0.46200000", "qty": "645.40000000", "quoteQty": "298.17480000", "time": 1693103513942, "isBuyerMaker": false, "isBestMatch": true}, {"id": 38339936, "price": "0.46200000", "qty": "663.40000000", "quoteQty": "306.49080000", "time": 1693103514541, "isBuyerMaker": false, "isBestMatch": true}, {"id": 38339937, "price": "0.46200000", "qty": "122.30000000", "quoteQty": "56.50260000", "time": 1693103515115, "isBuyerMaker": false, "isBestMatch": true}, {"id": 38339938, "price": "0.46200000", "qty": "427.60000000", "quoteQty": "197.55120000", "time": 1693103515115, "isBuyerMaker": false, "isBestMatch": true}, {"id": 38339939, "price": "0.46200000", "qty": "447.00000000", "quoteQty": "206.51400000", "time": 1693103564943, "isBuyerMaker": false, "isBestMatch": true}, {"id": 38339940, "price": "0.46200000", "qty": "162.90000000", "quoteQty": "75.25980000", "time": 1693103564943, "isBuyerMaker": false, "isBestMatch": true}, {"id": 38339941, "price": "0.46200000", "qty": "33.20000000", "quoteQty": "15.33840000", "time": 1693103581192, "isBuyerMaker": false, "isBestMatch": true}, {"id": 38339942, "price": "0.46200000", "qty": "27.60000000", "quoteQty": "12.75120000", "time": 1693103581192, "isBuyerMaker": false, "isBestMatch": true}, {"id": 38339943, "price": "0.46210000", "qty": "1148.00000000", "quoteQty": "530.49080000", "time": 1693103587487, "isBuyerMaker": false, "isBestMatch": true}, {"id": 38339944, "price": "0.46220000", "qty": "1080.30000000", "quoteQty": "499.31466000", "time": 1693103655038, "isBuyerMaker": true, "isBestMatch": true}, {"id": 38339945, "price": "0.46220000", "qty": "606.80000000", "quoteQty": "280.46296000", "time": 1693103655040, "isBuyerMaker": true, "isBestMatch": true}, {"id": 38339946, "price": "0.46220000", "qty": "124.20000000", "quoteQty": "57.40524000", "time": 1693103655040, "isBuyerMaker": true, "isBestMatch": true}, {"id": 38339947, "price": "0.46210000", "qty": "557.50000000", "quoteQty": "257.62075000", "time": 1693103655212, "isBuyerMaker": false, "isBestMatch": true}, {"id": 38339948, "price": "0.46210000", "qty": "167.90000000", "quoteQty": "77.58659000", "time": 1693103662324, "isBuyerMaker": false, "isBestMatch": true}, {"id": 38339949, "price": "0.46210000", "qty": "176.40000000", "quoteQty": "81.51444000", "time": 1693103662335, "isBuyerMaker": false, "isBestMatch": true}, {"id": 38339950, "price": "0.46200000", "qty": "341.00000000", "quoteQty": "157.54200000", "time": 1693103663333, "isBuyerMaker": false, "isBestMatch": true}, {"id": 38339951, "price": "0.46200000", "qty": "327.30000000", "quoteQty": "151.21260000", "time": 1693103663401, "isBuyerMaker": false, "isBestMatch": true}, {"id": 38339952, "price": "0.46200000", "qty": "48.90000000", "quoteQty": "22.59180000", "time": 1693103679122, "isBuyerMaker": false, "isBestMatch": true}, {"id": 38339953, "price": "0.46200000", "qty": "256.70000000", "quoteQty": "118.59540000", "time": 1693103679122, "isBuyerMaker": false, "isBestMatch": true}, {"id": 38339954, "price": "0.46200000", "qty": "213.20000000", "quoteQty": "98.49840000", "time": 1693103679130, "isBuyerMaker": false, "isBestMatch": true}, {"id": 38339955, "price": "0.46200000", "qty": "89.60000000", "quoteQty": "41.39520000", "time": 1693103679130, "isBuyerMaker": false, "isBestMatch": true}, {"id": 38339956, "price": "0.46200000", "qty": "288.90000000", "quoteQty": "133.47180000", "time": 1693103679135, "isBuyerMaker": false, "isBestMatch": true}, {"id": 38339957, "price": "0.46200000", "qty": "288.90000000", "quoteQty": "133.47180000", "time": 1693103679135, "isBuyerMaker": false, "isBestMatch": true}, {"id": 38339958, "price": "0.46200000", "qty": "184.10000000", "quoteQty": "85.05420000", "time": 1693103680020, "isBuyerMaker": false, "isBestMatch": true}, {"id": 38339959, "price": "0.46200000", "qty": "179.10000000", "quoteQty": "82.74420000", "time": 1693103680022, "isBuyerMaker": false, "isBestMatch": true}, {"id": 38339960, "price": "0.46200000", "qty": "213.60000000", "quoteQty": "98.68320000", "time": 1693103680022, "isBuyerMaker": false, "isBestMatch": true}, {"id": 38339961, "price": "0.46200000", "qty": "48.80000000", "quoteQty": "22.54560000", "time": 1693103708286, "isBuyerMaker": false, "isBestMatch": true}, {"id": 38339962, "price": "0.46200000", "qty": "547.80000000", "quoteQty": "253.08360000", "time": 1693103777666, "isBuyerMaker": false, "isBestMatch": true}, {"id": 38339963, "price": "0.46200000", "qty": "1531.20000000", "quoteQty": "707.41440000", "time": 1693103777666, "isBuyerMaker": false, "isBestMatch": true}, {"id": 38339964, "price": "0.46190000", "qty": "895.50000000", "quoteQty": "413.63145000", "time": 1693103839849, "isBuyerMaker": true, "isBestMatch": true}, {"id": 38339965, "price": "0.46190000", "qty": "187.50000000", "quoteQty": "86.60625000", "time": 1693103839851, "isBuyerMaker": true, "isBestMatch": true}, {"id": 38339966, "price": "0.46160000", "qty": "150.00000000", "quoteQty": "69.24000000", "time": 1693103913542, "isBuyerMaker": true, "isBestMatch": true}, {"id": 38339967, "price": "0.46170000", "qty": "320.80000000", "quoteQty": "148.11336000", "time": 1693103984701, "isBuyerMaker": false, "isBestMatch": true}, {"id": 38339968, "price": "0.46170000", "qty": "165.80000000", "quoteQty": "76.54986000", "time": 1693103984706, "isBuyerMaker": false, "isBestMatch": true}, {"id": 38339969, "price": "0.46180000", "qty": "48.90000000", "quoteQty": "22.58202000", "time": 1693103999911, "isBuyerMaker": true, "isBestMatch": true}, {"id": 38339970, "price": "0.46180000", "qty": "1184.10000000", "quoteQty": "546.81738000", "time": 1693103999911, "isBuyerMaker": true, "isBestMatch": true}, {"id": 38339971, "price": "0.46180000", "qty": "82.10000000", "quoteQty": "37.91378000", "time": 1693103999911, "isBuyerMaker": true, "isBestMatch": true}, {"id": 38339972, "price": "0.46180000", "qty": "23.80000000", "quoteQty": "10.99084000", "time": 1693104034558, "isBuyerMaker": false, "isBestMatch": true}, {"id": 38339973, "price": "0.46170000", "qty": "21.90000000", "quoteQty": "10.11123000", "time": 1693104063061, "isBuyerMaker": true, "isBestMatch": true}, {"id": 38339974, "price": "0.46200000", "qty": "750.00000000", "quoteQty": "346.50000000", "time": 1693104183956, "isBuyerMaker": false, "isBestMatch": true}, {"id": 38339975, "price": "0.46210000", "qty": "39.70000000", "quoteQty": "18.34537000", "time": 1693104187026, "isBuyerMaker": true, "isBestMatch": true}, {"id": 38339976, "price": "0.46220000", "qty": "400.00000000", "quoteQty": "184.88000000", "time": 1693104205674, "isBuyerMaker": false, "isBestMatch": true}, {"id": 38339977, "price": "0.46220000", "qty": "1538.10000000", "quoteQty": "710.90982000", "time": 1693104205674, "isBuyerMaker": false, "isBestMatch": true}, {"id": 38339978, "price": "0.46220000", "qty": "225.40000000", "quoteQty": "104.17988000", "time": 1693104205674, "isBuyerMaker": false, "isBestMatch": true}, {"id": 38339979, "price": "0.46210000", "qty": "33.00000000", "quoteQty": "15.24930000", "time": 1693104205684, "isBuyerMaker": true, "isBestMatch": true}, {"id": 38339980, "price": "0.46200000", "qty": "48.90000000", "quoteQty": "22.59180000", "time": 1693104205684, "isBuyerMaker": true, "isBestMatch": true}, {"id": 38339981, "price": "0.46200000", "qty": "623.20000000", "quoteQty": "287.91840000", "time": 1693104205684, "isBuyerMaker": true, "isBestMatch": true}, {"id": 38339982, "price": "0.46200000", "qty": "169.00000000", "quoteQty": "78.07800000", "time": 1693104205684, "isBuyerMaker": true, "isBestMatch": true}, {"id": 38339983, "price": "0.46180000", "qty": "185.00000000", "quoteQty": "85.43300000", "time": 1693104288449, "isBuyerMaker": true, "isBestMatch": true}, {"id": 38339984, "price": "0.46170000", "qty": "48.90000000", "quoteQty": "22.57713000", "time": 1693104289087, "isBuyerMaker": false, "isBestMatch": true}, {"id": 38339985, "price": "0.46170000", "qty": "64.80000000", "quoteQty": "29.91816000", "time": 1693104289087, "isBuyerMaker": false, "isBestMatch": true}, {"id": 38339986, "price": "0.46170000", "qty": "1265.20000000", "quoteQty": "584.14284000", "time": 1693104289087, "isBuyerMaker": false, "isBestMatch": true}, {"id": 38339987, "price": "0.46210000", "qty": "29.70000000", "quoteQty": "13.72437000", "time": 1693104363102, "isBuyerMaker": false, "isBestMatch": true}, {"id": 38339988, "price": "0.46200000", "qty": "48.90000000", "quoteQty": "22.59180000", "time": 1693104395229, "isBuyerMaker": false, "isBestMatch": true}, {"id": 38339989, "price": "0.46200000", "qty": "2017.70000000", "quoteQty": "932.17740000", "time": 1693104395229, "isBuyerMaker": false, "isBestMatch": true}, {"id": 38339990, "price": "0.46200000", "qty": "28.80000000", "quoteQty": "13.30560000", "time": 1693104395229, "isBuyerMaker": false, "isBestMatch": true}, {"id": 38339991, "price": "0.46200000", "qty": "38.60000000", "quoteQty": "17.83320000", "time": 1693104443937, "isBuyerMaker": false, "isBestMatch": true}, {"id": 38339992, "price": "0.46170000", "qty": "250.40000000", "quoteQty": "115.60968000", "time": 1693104472499, "isBuyerMaker": false, "isBestMatch": true}, {"id": 38339993, "price": "0.46170000", "qty": "1600.00000000", "quoteQty": "738.72000000", "time": 1693104472499, "isBuyerMaker": false, "isBestMatch": true}, {"id": 38339994, "price": "0.46170000", "qty": "1600.00000000", "quoteQty": "738.72000000", "time": 1693104472499, "isBuyerMaker": false, "isBestMatch": true}, {"id": 38339995, "price": "0.46170000", "qty": "70.10000000", "quoteQty": "32.36517000", "time": 1693104472499, "isBuyerMaker": false, "isBestMatch": true}, {"id": 38339996, "price": "0.46170000", "qty": "1583.90000000", "quoteQty": "731.28663000", "time": 1693104472499, "isBuyerMaker": false, "isBestMatch": true}, {"id": 38339997, "price": "0.46150000", "qty": "145.40000000", "quoteQty": "67.10210000", "time": 1693104710671, "isBuyerMaker": false, "isBestMatch": true}, {"id": 38339998, "price": "0.46150000", "qty": "202.80000000", "quoteQty": "93.59220000", "time": 1693104710671, "isBuyerMaker": false, "isBestMatch": true}, {"id": 38339999, "price": "0.46150000", "qty": "366.90000000", "quoteQty": "169.32435000", "time": 1693104710678, "isBuyerMaker": false, "isBestMatch": true}, {"id": 38340000, "price": "0.46140000", "qty": "710.30000000", "quoteQty": "327.73242000", "time": 1693104728397, "isBuyerMaker": true, "isBestMatch": true}, {"id": 38340001, "price": "0.46130000", "qty": "143.90000000", "quoteQty": "66.38107000", "time": 1693104776267, "isBuyerMaker": false, "isBestMatch": true}, {"id": 38340002, "price": "0.46120000", "qty": "716.40000000", "quoteQty": "330.40368000", "time": 1693104779574, "isBuyerMaker": true, "isBestMatch": true}, {"id": 38340003, "price": "0.46120000", "qty": "213.60000000", "quoteQty": "98.51232000", "time": 1693104779576, "isBuyerMaker": true, "isBestMatch": true}, {"id": 38340004, "price": "0.46120000", "qty": "154.50000000", "quoteQty": "71.25540000", "time": 1693104779578, "isBuyerMaker": true, "isBestMatch": true}, {"id": 38340005, "price": "0.46100000", "qty": "352.80000000", "quoteQty": "162.64080000", "time": 1693104785348, "isBuyerMaker": true, "isBestMatch": true}, {"id": 38340006, "price": "0.46090000", "qty": "976.00000000", "quoteQty": "449.83840000", "time": 1693104786097, "isBuyerMaker": true, "isBestMatch": true}, {"id": 38340007, "price": "0.46090000", "qty": "220.10000000", "quoteQty": "101.44409000", "time": 1693104786183, "isBuyerMaker": false, "isBestMatch": true}, {"id": 38340008, "price": "0.46090000", "qty": "323.00000000", "quoteQty": "148.87070000", "time": 1693104786310, "isBuyerMaker": false, "isBestMatch": true}, {"id": 38340009, "price": "0.46090000", "qty": "43.40000000", "quoteQty": "20.00306000", "time": 1693104786343, "isBuyerMaker": false, "isBestMatch": true}, {"id": 38340010, "price": "0.46090000", "qty": "323.00000000", "quoteQty": "148.87070000", "time": 1693104786503, "isBuyerMaker": false, "isBestMatch": true}, {"id": 38340011, "price": "0.46090000", "qty": "40.50000000", "quoteQty": "18.66645000", "time": 1693104786552, "isBuyerMaker": false, "isBestMatch": true}, {"id": 38340012, "price": "0.46090000", "qty": "165.70000000", "quoteQty": "76.37113000", "time": 1693104786552, "isBuyerMaker": false, "isBestMatch": true}, {"id": 38340013, "price": "0.46080000", "qty": "899.00000000", "quoteQty": "414.25920000", "time": 1693104791234, "isBuyerMaker": true, "isBestMatch": true}, {"id": 38340014, "price": "0.46050000", "qty": "1333.50000000", "quoteQty": "614.07675000", "time": 1693104792433, "isBuyerMaker": false, "isBestMatch": true}, {"id": 38340015, "price": "0.46050000", "qty": "433.20000000", "quoteQty": "199.48860000", "time": 1693104792457, "isBuyerMaker": true, "isBestMatch": true}, {"id": 38340016, "price": "0.46040000", "qty": "22.20000000", "quoteQty": "10.22088000", "time": 1693104792457, "isBuyerMaker": true, "isBestMatch": true}, {"id": 38340017, "price": "0.46040000", "qty": "450.80000000", "quoteQty": "207.54832000", "time": 1693104792457, "isBuyerMaker": true, "isBestMatch": true}, {"id": 38340018, "price": "0.46040000", "qty": "250.40000000", "quoteQty": "115.28416000", "time": 1693104793001, "isBuyerMaker": false, "isBestMatch": true}, {"id": 38340019, "price": "0.46050000", "qty": "92.20000000", "quoteQty": "42.45810000", "time": 1693104793444, "isBuyerMaker": false, "isBestMatch": true}, {"id": 38340020, "price": "0.46060000", "qty": "23.30000000", "quoteQty": "10.73198000", "time": 1693104795140, "isBuyerMaker": false, "isBestMatch": true}, {"id": 38340021, "price": "0.46080000", "qty": "196.70000000", "quoteQty": "90.63936000", "time": 1693104801032, "isBuyerMaker": false, "isBestMatch": true}, {"id": 38340022, "price": "0.46080000", "qty": "174.50000000", "quoteQty": "80.40960000", "time": 1693104803898, "isBuyerMaker": false, "isBestMatch": true}, {"id": 38340023, "price": "0.46080000", "qty": "165.10000000", "quoteQty": "76.07808000", "time": 1693104803911, "isBuyerMaker": false, "isBestMatch": true}, {"id": 38340024, "price": "0.46080000", "qty": "356.00000000", "quoteQty": "164.04480000", "time": 1693104806039, "isBuyerMaker": false, "isBestMatch": true}, {"id": 38340025, "price": "0.46080000", "qty": "655.10000000", "quoteQty": "301.87008000", "time": 1693104806039, "isBuyerMaker": false, "isBestMatch": true}, {"id": 38340026, "price": "0.46080000", "qty": "27.10000000", "quoteQty": "12.48768000", "time": 1693104825596, "isBuyerMaker": false, "isBestMatch": true}, {"id": 38340027, "price": "0.46080000", "qty": "74.30000000", "quoteQty": "34.23744000", "time": 1693104839747, "isBuyerMaker": true, "isBestMatch": true}, {"id": 38340028, "price": "0.46090000", "qty": "358.60000000", "quoteQty": "165.27874000", "time": 1693104862839, "isBuyerMaker": false, "isBestMatch": true}, {"id": 38340029, "price": "0.46090000", "qty": "222.20000000", "quoteQty": "102.41198000", "time": 1693104874698, "isBuyerMaker": false, "isBestMatch": true}, {"id": 38340030, "price": "0.46090000", "qty": "1459.60000000", "quoteQty": "672.72964000", "time": 1693104881028, "isBuyerMaker": false, "isBestMatch": true}, {"id": 38340031, "price": "0.46080000", "qty": "156.50000000", "quoteQty": "72.11520000", "time": 1693104989448, "isBuyerMaker": true, "isBestMatch": true}, {"id": 38340032, "price": "0.46080000", "qty": "556.50000000", "quoteQty": "256.43520000", "time": 1693104989450, "isBuyerMaker": true, "isBestMatch": true}, {"id": 38340033, "price": "0.46080000", "qty": "294.30000000", "quoteQty": "135.61344000", "time": 1693104989450, "isBuyerMaker": true, "isBestMatch": true}, {"id": 38340034, "price": "0.46070000", "qty": "24.00000000", "quoteQty": "11.05680000", "time": 1693104989481, "isBuyerMaker": true, "isBestMatch": true}, {"id": 38340035, "price": "0.46070000", "qty": "84.50000000", "quoteQty": "38.92915000", "time": 1693104989484, "isBuyerMaker": true, "isBestMatch": true}, {"id": 38340036, "price": "0.46060000", "qty": "2154.10000000", "quoteQty": "992.17846000", "time": 1693104989529, "isBuyerMaker": true, "isBestMatch": true}, {"id": 38340037, "price": "0.46070000", "qty": "108.50000000", "quoteQty": "49.98595000", "time": 1693104994094, "isBuyerMaker": false, "isBestMatch": true}, {"id": 38340038, "price": "0.46070000", "qty": "108.50000000", "quoteQty": "49.98595000", "time": 1693105000222, "isBuyerMaker": false, "isBestMatch": true}, {"id": 38340039, "price": "0.46070000", "qty": "194.80000000", "quoteQty": "89.74436000", "time": 1693105001732, "isBuyerMaker": false, "isBestMatch": true}, {"id": 38340040, "price": "0.46070000", "qty": "331.90000000", "quoteQty": "152.90633000", "time": 1693105003353, "isBuyerMaker": false, "isBestMatch": true}, {"id": 38340041, "price": "0.46070000", "qty": "182.10000000", "quoteQty": "83.89347000", "time": 1693105003353, "isBuyerMaker": false, "isBestMatch": true}, {"id": 38340042, "price": "0.46080000", "qty": "166.80000000", "quoteQty": "76.86144000", "time": 1693105017572, "isBuyerMaker": false, "isBestMatch": true}, {"id": 38340043, "price": "0.46080000", "qty": "100.70000000", "quoteQty": "46.40256000", "time": 1693105045351, "isBuyerMaker": false, "isBestMatch": true}, {"id": 38340044, "price": "0.46080000", "qty": "147.80000000", "quoteQty": "68.10624000", "time": 1693105045351, "isBuyerMaker": false, "isBestMatch": true}, {"id": 38340045, "price": "0.46080000", "qty": "70.40000000", "quoteQty": "32.44032000", "time": 1693105045351, "isBuyerMaker": false, "isBestMatch": true}, {"id": 38340046, "price": "0.46080000", "qty": "303.50000000", "quoteQty": "139.85280000", "time": 1693105045351, "isBuyerMaker": false, "isBestMatch": true}, {"id": 38340047, "price": "0.46070000", "qty": "116.20000000", "quoteQty": "53.53334000", "time": 1693105138686, "isBuyerMaker": true, "isBestMatch": true}, {"id": 38340048, "price": "0.46070000", "qty": "25.30000000", "quoteQty": "11.65571000", "time": 1693105138686, "isBuyerMaker": true, "isBestMatch": true}, {"id": 38340049, "price": "0.46070000", "qty": "132.10000000", "quoteQty": "60.85847000", "time": 1693105138686, "isBuyerMaker": true, "isBestMatch": true}, {"id": 38340050, "price": "0.46060000", "qty": "634.50000000", "quoteQty": "292.25070000", "time": 1693105138722, "isBuyerMaker": true, "isBestMatch": true}, {"id": 38340051, "price": "0.46060000", "qty": "1600.00000000", "quoteQty": "736.96000000", "time": 1693105145904, "isBuyerMaker": false, "isBestMatch": true}, {"id": 38340052, "price": "0.46050000", "qty": "313.10000000", "quoteQty": "144.18255000", "time": 1693105191615, "isBuyerMaker": false, "isBestMatch": true}, {"id": 38340053, "price": "0.46050000", "qty": "2363.00000000", "quoteQty": "1088.16150000", "time": 1693105191615, "isBuyerMaker": false, "isBestMatch": true}, {"id": 38340054, "price": "0.46060000", "qty": "92.60000000", "quoteQty": "42.65156000", "time": 1693105191619, "isBuyerMaker": false, "isBestMatch": true}, {"id": 38340055, "price": "0.46060000", "qty": "1518.40000000", "quoteQty": "699.37504000", "time": 1693105191619, "isBuyerMaker": false, "isBestMatch": true}, {"id": 38340056, "price": "0.46060000", "qty": "1256.40000000", "quoteQty": "578.69784000", "time": 1693105191619, "isBuyerMaker": false, "isBestMatch": true}, {"id": 38340057, "price": "0.46070000", "qty": "23.80000000", "quoteQty": "10.96466000", "time": 1693105217493, "isBuyerMaker": false, "isBestMatch": true}, {"id": 38340058, "price": "0.46080000", "qty": "108.50000000", "quoteQty": "49.99680000", "time": 1693105234957, "isBuyerMaker": false, "isBestMatch": true}, {"id": 38340059, "price": "0.46090000", "qty": "1000.00000000", "quoteQty": "460.90000000", "time": 1693105366640, "isBuyerMaker": false, "isBestMatch": true}, {"id": 38340060, "price": "0.46090000", "qty": "1174.00000000", "quoteQty": "541.09660000", "time": 1693105366644, "isBuyerMaker": false, "isBestMatch": true}, {"id": 38340061, "price": "0.46090000", "qty": "48.90000000", "quoteQty": "22.53801000", "time": 1693105366653, "isBuyerMaker": true, "isBestMatch": true}, {"id": 38340062, "price": "0.46090000", "qty": "799.90000000", "quoteQty": "368.67391000", "time": 1693105366653, "isBuyerMaker": true, "isBestMatch": true}, {"id": 38340063, "price": "0.46080000", "qty": "46.60000000", "quoteQty": "21.47328000", "time": 1693105462928, "isBuyerMaker": true, "isBestMatch": true}, {"id": 38340064, "price": "0.46070000", "qty": "46.70000000", "quoteQty": "21.51469000", "time": 1693105495456, "isBuyerMaker": false, "isBestMatch": true}, {"id": 38340065, "price": "0.46070000", "qty": "264.70000000", "quoteQty": "121.94729000", "time": 1693105495456, "isBuyerMaker": false, "isBestMatch": true}, {"id": 38340066, "price": "0.46080000", "qty": "952.40000000", "quoteQty": "438.86592000", "time": 1693105495456, "isBuyerMaker": false, "isBestMatch": true}, {"id": 38340067, "price": "0.46060000", "qty": "24.20000000", "quoteQty": "11.14652000", "time": 1693105536289, "isBuyerMaker": false, "isBestMatch": true}, {"id": 38340068, "price": "0.46070000", "qty": "400.00000000", "quoteQty": "184.28000000", "time": 1693105627967, "isBuyerMaker": false, "isBestMatch": true}, {"id": 38340069, "price": "0.46070000", "qty": "49.10000000", "quoteQty": "22.62037000", "time": 1693105627967, "isBuyerMaker": false, "isBestMatch": true}, {"id": 38340070, "price": "0.46090000", "qty": "176.30000000", "quoteQty": "81.25667000", "time": 1693105696860, "isBuyerMaker": false, "isBestMatch": true}, {"id": 38340071, "price": "0.46090000", "qty": "241.80000000", "quoteQty": "111.44562000", "time": 1693105741321, "isBuyerMaker": false, "isBestMatch": true}, {"id": 38340072, "price": "0.46090000", "qty": "1511.30000000", "quoteQty": "696.55817000", "time": 1693105782890, "isBuyerMaker": false, "isBestMatch": true}, {"id": 38340073, "price": "0.46090000", "qty": "53.70000000", "quoteQty": "24.75033000", "time": 1693105782890, "isBuyerMaker": false, "isBestMatch": true}, {"id": 38340074, "price": "0.46100000", "qty": "40.80000000", "quoteQty": "18.80880000", "time": 1693105800659, "isBuyerMaker": false, "isBestMatch": true}, {"id": 38340075, "price": "0.46100000", "qty": "722.20000000", "quoteQty": "332.93420000", "time": 1693105806580, "isBuyerMaker": false, "isBestMatch": true}, {"id": 38340076, "price": "0.46100000", "qty": "800.00000000", "quoteQty": "368.80000000", "time": 1693105806580, "isBuyerMaker": false, "isBestMatch": true}, {"id": 38340077, "price": "0.46120000", "qty": "621.40000000", "quoteQty": "286.58968000", "time": 1693105806645, "isBuyerMaker": false, "isBestMatch": true}, {"id": 38340078, "price": "0.46130000", "qty": "912.50000000", "quoteQty": "420.93625000", "time": 1693105825496, "isBuyerMaker": true, "isBestMatch": true}, {"id": 38340079, "price": "0.46120000", "qty": "153.10000000", "quoteQty": "70.60972000", "time": 1693105839284, "isBuyerMaker": false, "isBestMatch": true}, {"id": 38340080, "price": "0.46130000", "qty": "868.00000000", "quoteQty": "400.40840000", "time": 1693105845356, "isBuyerMaker": false, "isBestMatch": true}, {"id": 38340081, "price": "0.46140000", "qty": "450.00000000", "quoteQty": "207.63000000", "time": 1693105868471, "isBuyerMaker": false, "isBestMatch": true}, {"id": 38340082, "price": "0.46140000", "qty": "450.00000000", "quoteQty": "207.63000000", "time": 1693105868471, "isBuyerMaker": false, "isBestMatch": true}, {"id": 38340083, "price": "0.46140000", "qty": "450.00000000", "quoteQty": "207.63000000", "time": 1693105868471, "isBuyerMaker": false, "isBestMatch": true}, {"id": 38340084, "price": "0.46140000", "qty": "97.20000000", "quoteQty": "44.84808000", "time": 1693105868471, "isBuyerMaker": false, "isBestMatch": true}, {"id": 38340085, "price": "0.46140000", "qty": "97.20000000", "quoteQty": "44.84808000", "time": 1693105868474, "isBuyerMaker": false, "isBestMatch": true}, {"id": 38340086, "price": "0.46140000", "qty": "97.20000000", "quoteQty": "44.84808000", "time": 1693105868474, "isBuyerMaker": false, "isBestMatch": true}, {"id": 38340087, "price": "0.46140000", "qty": "97.20000000", "quoteQty": "44.84808000", "time": 1693105868474, "isBuyerMaker": false, "isBestMatch": true}, {"id": 38340088, "price": "0.46140000", "qty": "97.20000000", "quoteQty": "44.84808000", "time": 1693105868474, "isBuyerMaker": false, "isBestMatch": true}, {"id": 38340089, "price": "0.46140000", "qty": "97.20000000", "quoteQty": "44.84808000", "time": 1693105868474, "isBuyerMaker": false, "isBestMatch": true}, {"id": 38340090, "price": "0.46140000", "qty": "97.20000000", "quoteQty": "44.84808000", "time": 1693105868474, "isBuyerMaker": false, "isBestMatch": true}, {"id": 38340091, "price": "0.46140000", "qty": "97.20000000", "quoteQty": "44.84808000", "time": 1693105868474, "isBuyerMaker": false, "isBestMatch": true}, {"id": 38340092, "price": "0.46140000", "qty": "97.20000000", "quoteQty": "44.84808000", "time": 1693105868474, "isBuyerMaker": false, "isBestMatch": true}, {"id": 38340093, "price": "0.46140000", "qty": "96.90000000", "quoteQty": "44.70966000", "time": 1693105868474, "isBuyerMaker": false, "isBestMatch": true}, {"id": 38340094, "price": "0.46150000", "qty": "250.40000000", "quoteQty": "115.55960000", "time": 1693105917045, "isBuyerMaker": true, "isBestMatch": true}, {"id": 38340095, "price": "0.46150000", "qty": "449.40000000", "quoteQty": "207.39810000", "time": 1693105917045, "isBuyerMaker": true, "isBestMatch": true}, {"id": 38340096, "price": "0.46130000", "qty": "70.00000000", "quoteQty": "32.29100000", "time": 1693106034266, "isBuyerMaker": false, "isBestMatch": true}, {"id": 38340097, "price": "0.46130000", "qty": "180.30000000", "quoteQty": "83.17239000", "time": 1693106098125, "isBuyerMaker": false, "isBestMatch": true}, {"id": 38340098, "price": "0.46130000", "qty": "345.50000000", "quoteQty": "159.37915000", "time": 1693106098125, "isBuyerMaker": false, "isBestMatch": true}, {"id": 38340099, "price": "0.46130000", "qty": "37.90000000", "quoteQty": "17.48327000", "time": 1693106098125, "isBuyerMaker": false, "isBestMatch": true}, {"id": 38340100, "price": "0.46150000", "qty": "106.00000000", "quoteQty": "48.91900000", "time": 1693106098180, "isBuyerMaker": false, "isBestMatch": true}, {"id": 38340101, "price": "0.46150000", "qty": "97.20000000", "quoteQty": "44.85780000", "time": 1693106107380, "isBuyerMaker": false, "isBestMatch": true}, {"id": 38340102, "price": "0.46150000", "qty": "97.20000000", "quoteQty": "44.85780000", "time": 1693106107380, "isBuyerMaker": false, "isBestMatch": true}, {"id": 38340103, "price": "0.46150000", "qty": "97.20000000", "quoteQty": "44.85780000", "time": 1693106107380, "isBuyerMaker": false, "isBestMatch": true}, {"id": 38340104, "price": "0.46150000", "qty": "45.40000000", "quoteQty": "20.95210000", "time": 1693106107380, "isBuyerMaker": false, "isBestMatch": true}, {"id": 38340105, "price": "0.46150000", "qty": "51.80000000", "quoteQty": "23.90570000", "time": 1693106107383, "isBuyerMaker": false, "isBestMatch": true}, {"id": 38340106, "price": "0.46150000", "qty": "97.20000000", "quoteQty": "44.85780000", "time": 1693106107383, "isBuyerMaker": false, "isBestMatch": true}, {"id": 38340107, "price": "0.46150000", "qty": "97.20000000", "quoteQty": "44.85780000", "time": 1693106107383, "isBuyerMaker": false, "isBestMatch": true}, {"id": 38340108, "price": "0.46150000", "qty": "97.20000000", "quoteQty": "44.85780000", "time": 1693106107383, "isBuyerMaker": false, "isBestMatch": true}, {"id": 38340109, "price": "0.46150000", "qty": "97.20000000", "quoteQty": "44.85780000", "time": 1693106107383, "isBuyerMaker": false, "isBestMatch": true}, {"id": 38340110, "price": "0.46150000", "qty": "97.20000000", "quoteQty": "44.85780000", "time": 1693106107383, "isBuyerMaker": false, "isBestMatch": true}, {"id": 38340111, "price": "0.46150000", "qty": "96.80000000", "quoteQty": "44.67320000", "time": 1693106107383, "isBuyerMaker": false, "isBestMatch": true}, {"id": 38340112, "price": "0.46160000", "qty": "61.60000000", "quoteQty": "28.43456000", "time": 1693106115058, "isBuyerMaker": false, "isBestMatch": true}, {"id": 38340113, "price": "0.46150000", "qty": "946.20000000", "quoteQty": "436.67130000", "time": 1693106121293, "isBuyerMaker": true, "isBestMatch": true}, {"id": 38340114, "price": "0.46150000", "qty": "60.20000000", "quoteQty": "27.78230000", "time": 1693106121293, "isBuyerMaker": true, "isBestMatch": true}, {"id": 38340115, "price": "0.46150000", "qty": "250.40000000", "quoteQty": "115.55960000", "time": 1693106125623, "isBuyerMaker": false, "isBestMatch": true}, {"id": 38340116, "price": "0.46150000", "qty": "2.70000000", "quoteQty": "1.24605000", "time": 1693106125623, "isBuyerMaker": false, "isBestMatch": true}, {"id": 38340117, "price": "0.46150000", "qty": "39.10000000", "quoteQty": "18.04465000", "time": 1693106126520, "isBuyerMaker": false, "isBestMatch": true}, {"id": 38340118, "price": "0.46150000", "qty": "170.60000000", "quoteQty": "78.73190000", "time": 1693106126520, "isBuyerMaker": false, "isBestMatch": true}, {"id": 38340119, "price": "0.46160000", "qty": "223.40000000", "quoteQty": "103.12144000", "time": 1693106126528, "isBuyerMaker": false, "isBestMatch": true}, {"id": 38340120, "price": "0.46170000", "qty": "97.20000000", "quoteQty": "44.87724000", "time": 1693106158401, "isBuyerMaker": false, "isBestMatch": true}, {"id": 38340121, "price": "0.46170000", "qty": "97.20000000", "quoteQty": "44.87724000", "time": 1693106158401, "isBuyerMaker": false, "isBestMatch": true}, {"id": 38340122, "price": "0.46170000", "qty": "97.20000000", "quoteQty": "44.87724000", "time": 1693106158401, "isBuyerMaker": false, "isBestMatch": true}, {"id": 38340123, "price": "0.46170000", "qty": "97.20000000", "quoteQty": "44.87724000", "time": 1693106158401, "isBuyerMaker": false, "isBestMatch": true}, {"id": 38340124, "price": "0.46170000", "qty": "97.20000000", "quoteQty": "44.87724000", "time": 1693106158401, "isBuyerMaker": false, "isBestMatch": true}, {"id": 38340125, "price": "0.46170000", "qty": "97.20000000", "quoteQty": "44.87724000", "time": 1693106158401, "isBuyerMaker": false, "isBestMatch": true}, {"id": 38340126, "price": "0.46170000", "qty": "97.20000000", "quoteQty": "44.87724000", "time": 1693106158401, "isBuyerMaker": false, "isBestMatch": true}, {"id": 38340127, "price": "0.46170000", "qty": "97.20000000", "quoteQty": "44.87724000", "time": 1693106158401, "isBuyerMaker": false, "isBestMatch": true}, {"id": 38340128, "price": "0.46170000", "qty": "97.20000000", "quoteQty": "44.87724000", "time": 1693106158401, "isBuyerMaker": false, "isBestMatch": true}, {"id": 38340129, "price": "0.46170000", "qty": "96.40000000", "quoteQty": "44.50788000", "time": 1693106158401, "isBuyerMaker": false, "isBestMatch": true}, {"id": 38340130, "price": "0.46180000", "qty": "602.20000000", "quoteQty": "278.09596000", "time": 1693106158409, "isBuyerMaker": false, "isBestMatch": true}, {"id": 38340131, "price": "0.46190000", "qty": "899.90000000", "quoteQty": "415.66381000", "time": 1693106192899, "isBuyerMaker": false, "isBestMatch": true}, {"id": 38340132, "price": "0.46190000", "qty": "97.10000000", "quoteQty": "44.85049000", "time": 1693106192899, "isBuyerMaker": false, "isBestMatch": true}, {"id": 38340133, "price": "0.46190000", "qty": "190.20000000", "quoteQty": "87.85338000", "time": 1693106192899, "isBuyerMaker": false, "isBestMatch": true}, {"id": 38340134, "price": "0.46190000", "qty": "97.10000000", "quoteQty": "44.85049000", "time": 1693106192899, "isBuyerMaker": false, "isBestMatch": true}, {"id": 38340135, "price": "0.46190000", "qty": "97.10000000", "quoteQty": "44.85049000", "time": 1693106192899, "isBuyerMaker": false, "isBestMatch": true}, {"id": 38340136, "price": "0.46190000", "qty": "97.10000000", "quoteQty": "44.85049000", "time": 1693106192899, "isBuyerMaker": false, "isBestMatch": true}, {"id": 38340137, "price": "0.46190000", "qty": "80.20000000", "quoteQty": "37.04438000", "time": 1693106192899, "isBuyerMaker": false, "isBestMatch": true}, {"id": 38340138, "price": "0.46180000", "qty": "207.70000000", "quoteQty": "95.91586000", "time": 1693106218510, "isBuyerMaker": true, "isBestMatch": true}, {"id": 38340139, "price": "0.46180000", "qty": "275.90000000", "quoteQty": "127.41062000", "time": 1693106218510, "isBuyerMaker": true, "isBestMatch": true}, {"id": 38340140, "price": "0.46180000", "qty": "25.10000000", "quoteQty": "11.59118000", "time": 1693106250596, "isBuyerMaker": false, "isBestMatch": true}, {"id": 38340141, "price": "0.46180000", "qty": "150.40000000", "quoteQty": "69.45472000", "time": 1693106250596, "isBuyerMaker": false, "isBestMatch": true}, {"id": 38340142, "price": "0.46190000", "qty": "16.90000000", "quoteQty": "7.80611000", "time": 1693106250620, "isBuyerMaker": false, "isBestMatch": true}, {"id": 38340143, "price": "0.46190000", "qty": "97.10000000", "quoteQty": "44.85049000", "time": 1693106250620, "isBuyerMaker": false, "isBestMatch": true}, {"id": 38340144, "price": "0.46190000", "qty": "97.10000000", "quoteQty": "44.85049000", "time": 1693106250620, "isBuyerMaker": false, "isBestMatch": true}, {"id": 38340145, "price": "0.46190000", "qty": "97.10000000", "quoteQty": "44.85049000", "time": 1693106250620, "isBuyerMaker": false, "isBestMatch": true}, {"id": 38340146, "price": "0.46190000", "qty": "97.10000000", "quoteQty": "44.85049000", "time": 1693106250620, "isBuyerMaker": false, "isBestMatch": true}, {"id": 38340147, "price": "0.46190000", "qty": "96.90000000", "quoteQty": "44.75811000", "time": 1693106250620, "isBuyerMaker": false, "isBestMatch": true}, {"id": 38340148, "price": "0.46200000", "qty": "219.10000000", "quoteQty": "101.22420000", "time": 1693106264040, "isBuyerMaker": false, "isBestMatch": true}, {"id": 38340149, "price": "0.46200000", "qty": "170.10000000", "quoteQty": "78.58620000", "time": 1693106264046, "isBuyerMaker": false, "isBestMatch": true}, {"id": 38340150, "price": "0.46200000", "qty": "97.10000000", "quoteQty": "44.86020000", "time": 1693106292114, "isBuyerMaker": false, "isBestMatch": true}, {"id": 38340151, "price": "0.46200000", "qty": "97.10000000", "quoteQty": "44.86020000", "time": 1693106292114, "isBuyerMaker": false, "isBestMatch": true}, {"id": 38340152, "price": "0.46200000", "qty": "97.10000000", "quoteQty": "44.86020000", "time": 1693106292114, "isBuyerMaker": false, "isBestMatch": true}, {"id": 38340153, "price": "0.46200000", "qty": "97.10000000", "quoteQty": "44.86020000", "time": 1693106292114, "isBuyerMaker": false, "isBestMatch": true}, {"id": 38340154, "price": "0.46200000", "qty": "34.40000000", "quoteQty": "15.89280000", "time": 1693106292114, "isBuyerMaker": false, "isBestMatch": true}, {"id": 38340155, "price": "0.46200000", "qty": "62.70000000", "quoteQty": "28.96740000", "time": 1693106432039, "isBuyerMaker": false, "isBestMatch": true}, {"id": 38340156, "price": "0.46200000", "qty": "556.40000000", "quoteQty": "257.05680000", "time": 1693106432039, "isBuyerMaker": false, "isBestMatch": true}, {"id": 38340157, "price": "0.46200000", "qty": "39.20000000", "quoteQty": "18.11040000", "time": 1693106432039, "isBuyerMaker": false, "isBestMatch": true}, {"id": 38340158, "price": "0.46200000", "qty": "97.10000000", "quoteQty": "44.86020000", "time": 1693106478995, "isBuyerMaker": false, "isBestMatch": true}, {"id": 38340159, "price": "0.46200000", "qty": "97.10000000", "quoteQty": "44.86020000", "time": 1693106478995, "isBuyerMaker": false, "isBestMatch": true}, {"id": 38340160, "price": "0.46200000", "qty": "97.10000000", "quoteQty": "44.86020000", "time": 1693106478995, "isBuyerMaker": false, "isBestMatch": true}, {"id": 38340161, "price": "0.46200000", "qty": "97.10000000", "quoteQty": "44.86020000", "time": 1693106478995, "isBuyerMaker": false, "isBestMatch": true}, {"id": 38340162, "price": "0.46200000", "qty": "96.70000000", "quoteQty": "44.67540000", "time": 1693106478995, "isBuyerMaker": false, "isBestMatch": true}, {"id": 38340163, "price": "0.46210000", "qty": "1200.00000000", "quoteQty": "554.52000000", "time": 1693106478995, "isBuyerMaker": false, "isBestMatch": true}, {"id": 38340164, "price": "0.46210000", "qty": "800.00000000", "quoteQty": "369.68000000", "time": 1693106478995, "isBuyerMaker": false, "isBestMatch": true}, {"id": 38340165, "price": "0.46210000", "qty": "250.40000000", "quoteQty": "115.70984000", "time": 1693106479006, "isBuyerMaker": true, "isBestMatch": true}, {"id": 38340166, "price": "0.46200000", "qty": "46.70000000", "quoteQty": "21.57540000", "time": 1693106479006, "isBuyerMaker": true, "isBestMatch": true}, {"id": 38340167, "price": "0.46200000", "qty": "806.00000000", "quoteQty": "372.37200000", "time": 1693106479006, "isBuyerMaker": true, "isBestMatch": true}, {"id": 38340168, "price": "0.46220000", "qty": "36.30000000", "quoteQty": "16.77786000", "time": 1693106479078, "isBuyerMaker": true, "isBestMatch": true}, {"id": 38340169, "price": "0.46220000", "qty": "250.40000000", "quoteQty": "115.73488000", "time": 1693106479079, "isBuyerMaker": true, "isBestMatch": true}, {"id": 38340170, "price": "0.46230000", "qty": "703.20000000", "quoteQty": "325.08936000", "time": 1693106483146, "isBuyerMaker": false, "isBestMatch": true}, {"id": 38340171, "price": "0.46230000", "qty": "809.40000000", "quoteQty": "374.18562000", "time": 1693106483154, "isBuyerMaker": false, "isBestMatch": true}, {"id": 38340172, "price": "0.46230000", "qty": "213.70000000", "quoteQty": "98.79351000", "time": 1693106483154, "isBuyerMaker": false, "isBestMatch": true}, {"id": 38340173, "price": "0.46230000", "qty": "97.10000000", "quoteQty": "44.88933000", "time": 1693106484054, "isBuyerMaker": false, "isBestMatch": true}, {"id": 38340174, "price": "0.46230000", "qty": "134.60000000", "quoteQty": "62.22558000", "time": 1693106484054, "isBuyerMaker": false, "isBestMatch": true}, {"id": 38340175, "price": "0.46230000", "qty": "230.70000000", "quoteQty": "106.65261000", "time": 1693106484056, "isBuyerMaker": false, "isBestMatch": true}, {"id": 38340176, "price": "0.46230000", "qty": "267.10000000", "quoteQty": "123.48033000", "time": 1693106485401, "isBuyerMaker": false, "isBestMatch": true}, {"id": 38340177, "price": "0.46230000", "qty": "269.50000000", "quoteQty": "124.58985000", "time": 1693106485401, "isBuyerMaker": false, "isBestMatch": true}, {"id": 38340178, "price": "0.46230000", "qty": "2.60000000", "quoteQty": "1.20198000", "time": 1693106485401, "isBuyerMaker": false, "isBestMatch": true}, {"id": 38340179, "price": "0.46230000", "qty": "94.50000000", "quoteQty": "43.68735000", "time": 1693106487413, "isBuyerMaker": false, "isBestMatch": true}, {"id": 38340180, "price": "0.46230000", "qty": "97.10000000", "quoteQty": "44.88933000", "time": 1693106487413, "isBuyerMaker": false, "isBestMatch": true}, {"id": 38340181, "price": "0.46230000", "qty": "97.10000000", "quoteQty": "44.88933000", "time": 1693106487413, "isBuyerMaker": false, "isBestMatch": true}, {"id": 38340182, "price": "0.46230000", "qty": "97.10000000", "quoteQty": "44.88933000", "time": 1693106487413, "isBuyerMaker": false, "isBestMatch": true}, {"id": 38340183, "price": "0.46230000", "qty": "97.10000000", "quoteQty": "44.88933000", "time": 1693106487413, "isBuyerMaker": false, "isBestMatch": true}, {"id": 38340184, "price": "0.46230000", "qty": "97.10000000", "quoteQty": "44.88933000", "time": 1693106487413, "isBuyerMaker": false, "isBestMatch": true}, {"id": 38340185, "price": "0.46230000", "qty": "97.10000000", "quoteQty": "44.88933000", "time": 1693106487413, "isBuyerMaker": false, "isBestMatch": true}, {"id": 38340186, "price": "0.46230000", "qty": "97.10000000", "quoteQty": "44.88933000", "time": 1693106487413, "isBuyerMaker": false, "isBestMatch": true}, {"id": 38340187, "price": "0.46230000", "qty": "96.20000000", "quoteQty": "44.47326000", "time": 1693106487413, "isBuyerMaker": false, "isBestMatch": true}, {"id": 38340188, "price": "0.46230000", "qty": "100.00000000", "quoteQty": "46.23000000", "time": 1693106496125, "isBuyerMaker": true, "isBestMatch": true}, {"id": 38340189, "price": "0.46240000", "qty": "283.70000000", "quoteQty": "131.18288000", "time": 1693106500303, "isBuyerMaker": false, "isBestMatch": true}, {"id": 38340190, "price": "0.46240000", "qty": "324.60000000", "quoteQty": "150.09504000", "time": 1693106500409, "isBuyerMaker": false, "isBestMatch": true}, {"id": 38340191, "price": "0.46240000", "qty": "16.30000000", "quoteQty": "7.53712000", "time": 1693106500412, "isBuyerMaker": false, "isBestMatch": true}, {"id": 38340192, "price": "0.46240000", "qty": "569.60000000", "quoteQty": "263.38304000", "time": 1693106500412, "isBuyerMaker": false, "isBestMatch": true}, {"id": 38340193, "price": "0.46240000", "qty": "273.60000000", "quoteQty": "126.51264000", "time": 1693106501465, "isBuyerMaker": false, "isBestMatch": true}, {"id": 38340194, "price": "0.46240000", "qty": "45.60000000", "quoteQty": "21.08544000", "time": 1693106501672, "isBuyerMaker": false, "isBestMatch": true}, {"id": 38340195, "price": "0.46240000", "qty": "180.10000000", "quoteQty": "83.27824000", "time": 1693106501672, "isBuyerMaker": false, "isBestMatch": true}, {"id": 38340196, "price": "0.46240000", "qty": "184.10000000", "quoteQty": "85.12784000", "time": 1693106503403, "isBuyerMaker": false, "isBestMatch": true}, {"id": 38340197, "price": "0.46240000", "qty": "605.70000000", "quoteQty": "280.07568000", "time": 1693106514427, "isBuyerMaker": false, "isBestMatch": true}, {"id": 38340198, "price": "0.46240000", "qty": "27.60000000", "quoteQty": "12.76224000", "time": 1693106514427, "isBuyerMaker": false, "isBestMatch": true}, {"id": 38340199, "price": "0.46250000", "qty": "165.60000000", "quoteQty": "76.59000000", "time": 1693106529412, "isBuyerMaker": false, "isBestMatch": true}, {"id": 38340200, "price": "0.46250000", "qty": "175.10000000", "quoteQty": "80.98375000", "time": 1693106529421, "isBuyerMaker": false, "isBestMatch": true}, {"id": 38340201, "price": "0.46250000", "qty": "273.50000000", "quoteQty": "126.49375000", "time": 1693106534240, "isBuyerMaker": false, "isBestMatch": true}, {"id": 38340202, "price": "0.46250000", "qty": "209.60000000", "quoteQty": "96.94000000", "time": 1693106535254, "isBuyerMaker": false, "isBestMatch": true}, {"id": 38340203, "price": "0.46250000", "qty": "486.60000000", "quoteQty": "225.05250000", "time": 1693106536902, "isBuyerMaker": false, "isBestMatch": true}, {"id": 38340204, "price": "0.46250000", "qty": "53.90000000", "quoteQty": "24.92875000", "time": 1693106536902, "isBuyerMaker": false, "isBestMatch": true}, {"id": 38340205, "price": "0.46250000", "qty": "39.10000000", "quoteQty": "18.08375000", "time": 1693106536902, "isBuyerMaker": false, "isBestMatch": true}, {"id": 38340206, "price": "0.46250000", "qty": "108.50000000", "quoteQty": "50.18125000", "time": 1693106536902, "isBuyerMaker": false, "isBestMatch": true}, {"id": 38340207, "price": "0.46260000", "qty": "54.00000000", "quoteQty": "24.98040000", "time": 1693106538400, "isBuyerMaker": false, "isBestMatch": true}, {"id": 38340208, "price": "0.46250000", "qty": "1757.10000000", "quoteQty": "812.65875000", "time": 1693106548092, "isBuyerMaker": true, "isBestMatch": true}, {"id": 38340209, "price": "0.46250000", "qty": "163.50000000", "quoteQty": "75.61875000", "time": 1693106548094, "isBuyerMaker": true, "isBestMatch": true}, {"id": 38340210, "price": "0.46250000", "qty": "731.90000000", "quoteQty": "338.50375000", "time": 1693106548094, "isBuyerMaker": true, "isBestMatch": true}, {"id": 38340211, "price": "0.46240000", "qty": "1304.00000000", "quoteQty": "602.96960000", "time": 1693106550350, "isBuyerMaker": false, "isBestMatch": true}, {"id": 38340212, "price": "0.46240000", "qty": "458.90000000", "quoteQty": "212.19536000", "time": 1693106550350, "isBuyerMaker": false, "isBestMatch": true}, {"id": 38340213, "price": "0.46240000", "qty": "950.00000000", "quoteQty": "439.28000000", "time": 1693106550350, "isBuyerMaker": false, "isBestMatch": true}, {"id": 38340214, "price": "0.46240000", "qty": "51.50000000", "quoteQty": "23.81360000", "time": 1693106550350, "isBuyerMaker": false, "isBestMatch": true}, {"id": 38340215, "price": "0.46250000", "qty": "46.50000000", "quoteQty": "21.50625000", "time": 1693106550350, "isBuyerMaker": false, "isBestMatch": true}, {"id": 38340216, "price": "0.46250000", "qty": "432.40000000", "quoteQty": "199.98500000", "time": 1693106550350, "isBuyerMaker": false, "isBestMatch": true}, {"id": 38340217, "price": "0.46250000", "qty": "250.40000000", "quoteQty": "115.81000000", "time": 1693106550350, "isBuyerMaker": false, "isBestMatch": true}, {"id": 38340218, "price": "0.46250000", "qty": "869.40000000", "quoteQty": "402.09750000", "time": 1693106550350, "isBuyerMaker": false, "isBestMatch": true}, {"id": 38340219, "price": "0.46240000", "qty": "873.60000000", "quoteQty": "403.95264000", "time": 1693106699273, "isBuyerMaker": false, "isBestMatch": true}, {"id": 38340220, "price": "0.46240000", "qty": "179.50000000", "quoteQty": "83.00080000", "time": 1693106699273, "isBuyerMaker": false, "isBestMatch": true}, {"id": 38340221, "price": "0.46240000", "qty": "415.20000000", "quoteQty": "191.98848000", "time": 1693106699282, "isBuyerMaker": false, "isBestMatch": true}, {"id": 38340222, "price": "0.46240000", "qty": "175.70000000", "quoteQty": "81.24368000", "time": 1693106699289, "isBuyerMaker": false, "isBestMatch": true}, {"id": 38340223, "price": "0.46240000", "qty": "284.90000000", "quoteQty": "131.73776000", "time": 1693106699509, "isBuyerMaker": false, "isBestMatch": true}, {"id": 38340224, "price": "0.46240000", "qty": "23.40000000", "quoteQty": "10.82016000", "time": 1693106699509, "isBuyerMaker": false, "isBestMatch": true}, {"id": 38340225, "price": "0.46250000", "qty": "130.60000000", "quoteQty": "60.40250000", "time": 1693106699509, "isBuyerMaker": false, "isBestMatch": true}, {"id": 38340226, "price": "0.46250000", "qty": "519.30000000", "quoteQty": "240.17625000", "time": 1693106701052, "isBuyerMaker": false, "isBestMatch": true}, {"id": 38340227, "price": "0.46250000", "qty": "166.40000000", "quoteQty": "76.96000000", "time": 1693106701052, "isBuyerMaker": false, "isBestMatch": true}, {"id": 38340228, "price": "0.46240000", "qty": "652.10000000", "quoteQty": "301.53104000", "time": 1693106701063, "isBuyerMaker": true, "isBestMatch": true}, {"id": 38340229, "price": "0.46230000", "qty": "353.70000000", "quoteQty": "163.51551000", "time": 1693106701063, "isBuyerMaker": true, "isBestMatch": true}, {"id": 38340230, "price": "0.46240000", "qty": "433.40000000", "quoteQty": "200.40416000", "time": 1693106702086, "isBuyerMaker": false, "isBestMatch": true}, {"id": 38340231, "price": "0.46240000", "qty": "59.70000000", "quoteQty": "27.60528000", "time": 1693106702086, "isBuyerMaker": false, "isBestMatch": true}, {"id": 38340232, "price": "0.46240000", "qty": "21.80000000", "quoteQty": "10.08032000", "time": 1693106702125, "isBuyerMaker": false, "isBestMatch": true}, {"id": 38340233, "price": "0.46250000", "qty": "314.60000000", "quoteQty": "145.50250000", "time": 1693106702566, "isBuyerMaker": false, "isBestMatch": true}, {"id": 38340234, "price": "0.46240000", "qty": "294.50000000", "quoteQty": "136.17680000", "time": 1693106706381, "isBuyerMaker": false, "isBestMatch": true}, {"id": 38340235, "price": "0.46230000", "qty": "340.10000000", "quoteQty": "157.22823000", "time": 1693106787931, "isBuyerMaker": true, "isBestMatch": true}, {"id": 38340236, "price": "0.46230000", "qty": "109.20000000", "quoteQty": "50.48316000", "time": 1693106787931, "isBuyerMaker": true, "isBestMatch": true}, {"id": 38340237, "price": "0.46220000", "qty": "650.80000000", "quoteQty": "300.79976000", "time": 1693106787939, "isBuyerMaker": true, "isBestMatch": true}, {"id": 38340238, "price": "0.46210000", "qty": "89.00000000", "quoteQty": "41.12690000", "time": 1693106787968, "isBuyerMaker": true, "isBestMatch": true}, {"id": 38340239, "price": "0.46210000", "qty": "89.00000000", "quoteQty": "41.12690000", "time": 1693106787968, "isBuyerMaker": true, "isBestMatch": true}, {"id": 38340240, "price": "0.46210000", "qty": "89.00000000", "quoteQty": "41.12690000", "time": 1693106787969, "isBuyerMaker": true, "isBestMatch": true}, {"id": 38340241, "price": "0.46210000", "qty": "89.00000000", "quoteQty": "41.12690000", "time": 1693106787969, "isBuyerMaker": true, "isBestMatch": true}, {"id": 38340242, "price": "0.46210000", "qty": "89.00000000", "quoteQty": "41.12690000", "time": 1693106787970, "isBuyerMaker": true, "isBestMatch": true}, {"id": 38340243, "price": "0.46210000", "qty": "89.00000000", "quoteQty": "41.12690000", "time": 1693106787972, "isBuyerMaker": true, "isBestMatch": true}, {"id": 38340244, "price": "0.46210000", "qty": "89.00000000", "quoteQty": "41.12690000", "time": 1693106787973, "isBuyerMaker": true, "isBestMatch": true}, {"id": 38340245, "price": "0.46210000", "qty": "639.20000000", "quoteQty": "295.37432000", "time": 1693106788072, "isBuyerMaker": true, "isBestMatch": true}, {"id": 38340246, "price": "0.46190000", "qty": "1187.00000000", "quoteQty": "548.27530000", "time": 1693106851203, "isBuyerMaker": true, "isBestMatch": true}, {"id": 38340247, "price": "0.46180000", "qty": "46.50000000", "quoteQty": "21.47370000", "time": 1693106874995, "isBuyerMaker": false, "isBestMatch": true}, {"id": 38340248, "price": "0.46180000", "qty": "1600.00000000", "quoteQty": "738.88000000", "time": 1693106874995, "isBuyerMaker": false, "isBestMatch": true}, {"id": 38340249, "price": "0.46180000", "qty": "637.90000000", "quoteQty": "294.58222000", "time": 1693106874995, "isBuyerMaker": false, "isBestMatch": true}, {"id": 38340250, "price": "0.46180000", "qty": "715.60000000", "quoteQty": "330.46408000", "time": 1693106874995, "isBuyerMaker": false, "isBestMatch": true}, {"id": 38340251, "price": "0.46170000", "qty": "190.90000000", "quoteQty": "88.13853000", "time": 1693106889131, "isBuyerMaker": true, "isBestMatch": true}, {"id": 38340252, "price": "0.46170000", "qty": "901.10000000", "quoteQty": "416.03787000", "time": 1693106889134, "isBuyerMaker": true, "isBestMatch": true}, {"id": 38340253, "price": "0.46170000", "qty": "1005.00000000", "quoteQty": "464.00850000", "time": 1693106889256, "isBuyerMaker": true, "isBestMatch": true}, {"id": 38340254, "price": "0.46160000", "qty": "360.80000000", "quoteQty": "166.54528000", "time": 1693106899777, "isBuyerMaker": true, "isBestMatch": true}, {"id": 38340255, "price": "0.46160000", "qty": "564.20000000", "quoteQty": "260.43472000", "time": 1693106899778, "isBuyerMaker": true, "isBestMatch": true}, {"id": 38340256, "price": "0.46170000", "qty": "32.90000000", "quoteQty": "15.18993000", "time": 1693106920026, "isBuyerMaker": false, "isBestMatch": true}, {"id": 38340257, "price": "0.46180000", "qty": "134.80000000", "quoteQty": "62.25064000", "time": 1693106999765, "isBuyerMaker": false, "isBestMatch": true}, {"id": 38340258, "price": "0.46180000", "qty": "97.10000000", "quoteQty": "44.84078000", "time": 1693106999765, "isBuyerMaker": false, "isBestMatch": true}, {"id": 38340259, "price": "0.46180000", "qty": "97.10000000", "quoteQty": "44.84078000", "time": 1693106999956, "isBuyerMaker": false, "isBestMatch": true}, {"id": 38340260, "price": "0.46180000", "qty": "97.10000000", "quoteQty": "44.84078000", "time": 1693106999959, "isBuyerMaker": false, "isBestMatch": true}, {"id": 38340261, "price": "0.46180000", "qty": "97.10000000", "quoteQty": "44.84078000", "time": 1693106999959, "isBuyerMaker": false, "isBestMatch": true}, {"id": 38340262, "price": "0.46180000", "qty": "97.10000000", "quoteQty": "44.84078000", "time": 1693106999959, "isBuyerMaker": false, "isBestMatch": true}, {"id": 38340263, "price": "0.46180000", "qty": "97.10000000", "quoteQty": "44.84078000", "time": 1693106999959, "isBuyerMaker": false, "isBestMatch": true}, {"id": 38340264, "price": "0.46180000", "qty": "97.10000000", "quoteQty": "44.84078000", "time": 1693106999959, "isBuyerMaker": false, "isBestMatch": true}, {"id": 38340265, "price": "0.46180000", "qty": "97.10000000", "quoteQty": "44.84078000", "time": 1693106999959, "isBuyerMaker": false, "isBestMatch": true}, {"id": 38340266, "price": "0.46180000", "qty": "97.10000000", "quoteQty": "44.84078000", "time": 1693106999959, "isBuyerMaker": false, "isBestMatch": true}, {"id": 38340267, "price": "0.46180000", "qty": "97.10000000", "quoteQty": "44.84078000", "time": 1693106999959, "isBuyerMaker": false, "isBestMatch": true}, {"id": 38340268, "price": "0.46200000", "qty": "97.10000000", "quoteQty": "44.86020000", "time": 1693107307470, "isBuyerMaker": false, "isBestMatch": true}, {"id": 38340269, "price": "0.46200000", "qty": "301.40000000", "quoteQty": "139.24680000", "time": 1693107307470, "isBuyerMaker": false, "isBestMatch": true}, {"id": 38340270, "price": "0.46200000", "qty": "307.20000000", "quoteQty": "141.92640000", "time": 1693107307853, "isBuyerMaker": false, "isBestMatch": true}, {"id": 38340271, "price": "0.46200000", "qty": "12.00000000", "quoteQty": "5.54400000", "time": 1693107307853, "isBuyerMaker": false, "isBestMatch": true}, {"id": 38340272, "price": "0.46200000", "qty": "388.00000000", "quoteQty": "179.25600000", "time": 1693107308355, "isBuyerMaker": false, "isBestMatch": true}, {"id": 38340273, "price": "0.46200000", "qty": "97.10000000", "quoteQty": "44.86020000", "time": 1693107308355, "isBuyerMaker": false, "isBestMatch": true}, {"id": 38340274, "price": "0.46200000", "qty": "97.10000000", "quoteQty": "44.86020000", "time": 1693107308358, "isBuyerMaker": false, "isBestMatch": true}, {"id": 38340275, "price": "0.46200000", "qty": "97.10000000", "quoteQty": "44.86020000", "time": 1693107308358, "isBuyerMaker": false, "isBestMatch": true}, {"id": 38340276, "price": "0.46200000", "qty": "97.10000000", "quoteQty": "44.86020000", "time": 1693107308358, "isBuyerMaker": false, "isBestMatch": true}, {"id": 38340277, "price": "0.46200000", "qty": "97.10000000", "quoteQty": "44.86020000", "time": 1693107308358, "isBuyerMaker": false, "isBestMatch": true}, {"id": 38340278, "price": "0.46200000", "qty": "97.10000000", "quoteQty": "44.86020000", "time": 1693107308358, "isBuyerMaker": false, "isBestMatch": true}, {"id": 38340279, "price": "0.46200000", "qty": "97.10000000", "quoteQty": "44.86020000", "time": 1693107308358, "isBuyerMaker": false, "isBestMatch": true}, {"id": 38340280, "price": "0.46200000", "qty": "97.10000000", "quoteQty": "44.86020000", "time": 1693107308358, "isBuyerMaker": false, "isBestMatch": true}, {"id": 38340281, "price": "0.46200000", "qty": "96.70000000", "quoteQty": "44.67540000", "time": 1693107308358, "isBuyerMaker": false, "isBestMatch": true}, {"id": 38340282, "price": "0.46210000", "qty": "97.10000000", "quoteQty": "44.86991000", "time": 1693107358206, "isBuyerMaker": false, "isBestMatch": true}, {"id": 38340283, "price": "0.46210000", "qty": "97.10000000", "quoteQty": "44.86991000", "time": 1693107358206, "isBuyerMaker": false, "isBestMatch": true}, {"id": 38340284, "price": "0.46210000", "qty": "97.10000000", "quoteQty": "44.86991000", "time": 1693107358206, "isBuyerMaker": false, "isBestMatch": true}, {"id": 38340285, "price": "0.46210000", "qty": "97.10000000", "quoteQty": "44.86991000", "time": 1693107358206, "isBuyerMaker": false, "isBestMatch": true}, {"id": 38340286, "price": "0.46210000", "qty": "97.10000000", "quoteQty": "44.86991000", "time": 1693107358206, "isBuyerMaker": false, "isBestMatch": true}, {"id": 38340287, "price": "0.46210000", "qty": "97.10000000", "quoteQty": "44.86991000", "time": 1693107358206, "isBuyerMaker": false, "isBestMatch": true}, {"id": 38340288, "price": "0.46210000", "qty": "97.10000000", "quoteQty": "44.86991000", "time": 1693107358206, "isBuyerMaker": false, "isBestMatch": true}, {"id": 38340289, "price": "0.46210000", "qty": "97.10000000", "quoteQty": "44.86991000", "time": 1693107358206, "isBuyerMaker": false, "isBestMatch": true}, {"id": 38340290, "price": "0.46210000", "qty": "97.10000000", "quoteQty": "44.86991000", "time": 1693107358206, "isBuyerMaker": false, "isBestMatch": true}, {"id": 38340291, "price": "0.46210000", "qty": "96.50000000", "quoteQty": "44.59265000", "time": 1693107358206, "isBuyerMaker": false, "isBestMatch": true}, {"id": 38340292, "price": "0.46220000", "qty": "320.60000000", "quoteQty": "148.18132000", "time": 1693107358329, "isBuyerMaker": false, "isBestMatch": true}, {"id": 38340293, "price": "0.46220000", "qty": "2295.50000000", "quoteQty": "1060.98010000", "time": 1693107358332, "isBuyerMaker": false, "isBestMatch": true}, {"id": 38340294, "price": "0.46220000", "qty": "430.00000000", "quoteQty": "198.74600000", "time": 1693107358332, "isBuyerMaker": false, "isBestMatch": true}, {"id": 38340295, "price": "0.46220000", "qty": "430.00000000", "quoteQty": "198.74600000", "time": 1693107358332, "isBuyerMaker": false, "isBestMatch": true}, {"id": 38340296, "price": "0.46220000", "qty": "432.70000000", "quoteQty": "199.99394000", "time": 1693107358356, "isBuyerMaker": true, "isBestMatch": true}, {"id": 38340297, "price": "0.46210000", "qty": "520.60000000", "quoteQty": "240.56926000", "time": 1693107358356, "isBuyerMaker": true, "isBestMatch": true}, {"id": 38340298, "price": "0.46230000", "qty": "97.00000000", "quoteQty": "44.84310000", "time": 1693107366032, "isBuyerMaker": false, "isBestMatch": true}, {"id": 38340299, "price": "0.46230000", "qty": "147.50000000", "quoteQty": "68.18925000", "time": 1693107366032, "isBuyerMaker": false, "isBestMatch": true}, {"id": 38340300, "price": "0.46230000", "qty": "97.00000000", "quoteQty": "44.84310000", "time": 1693107366333, "isBuyerMaker": false, "isBestMatch": true}, {"id": 38340301, "price": "0.46230000", "qty": "97.00000000", "quoteQty": "44.84310000", "time": 1693107366333, "isBuyerMaker": false, "isBestMatch": true}, {"id": 38340302, "price": "0.46230000", "qty": "97.00000000", "quoteQty": "44.84310000", "time": 1693107366333, "isBuyerMaker": false, "isBestMatch": true}, {"id": 38340303, "price": "0.46230000", "qty": "97.00000000", "quoteQty": "44.84310000", "time": 1693107366333, "isBuyerMaker": false, "isBestMatch": true}, {"id": 38340304, "price": "0.46230000", "qty": "97.00000000", "quoteQty": "44.84310000", "time": 1693107366333, "isBuyerMaker": false, "isBestMatch": true}, {"id": 38340305, "price": "0.46230000", "qty": "97.00000000", "quoteQty": "44.84310000", "time": 1693107366333, "isBuyerMaker": false, "isBestMatch": true}, {"id": 38340306, "price": "0.46230000", "qty": "97.00000000", "quoteQty": "44.84310000", "time": 1693107366333, "isBuyerMaker": false, "isBestMatch": true}, {"id": 38340307, "price": "0.46230000", "qty": "97.00000000", "quoteQty": "44.84310000", "time": 1693107366333, "isBuyerMaker": false, "isBestMatch": true}, {"id": 38340308, "price": "0.46230000", "qty": "97.00000000", "quoteQty": "44.84310000", "time": 1693107366333, "isBuyerMaker": false, "isBestMatch": true}, {"id": 38340309, "price": "0.46240000", "qty": "40.60000000", "quoteQty": "18.77344000", "time": 1693107367992, "isBuyerMaker": true, "isBestMatch": true}, {"id": 38340310, "price": "0.46250000", "qty": "198.60000000", "quoteQty": "91.85250000", "time": 1693107414574, "isBuyerMaker": false, "isBestMatch": true}, {"id": 38340311, "price": "0.46250000", "qty": "135.30000000", "quoteQty": "62.57625000", "time": 1693107414655, "isBuyerMaker": false, "isBestMatch": true}, {"id": 38340312, "price": "0.46250000", "qty": "156.10000000", "quoteQty": "72.19625000", "time": 1693107418004, "isBuyerMaker": false, "isBestMatch": true}, {"id": 38340313, "price": "0.46250000", "qty": "124.50000000", "quoteQty": "57.58125000", "time": 1693107418004, "isBuyerMaker": false, "isBestMatch": true}, {"id": 38340314, "price": "0.46250000", "qty": "365.50000000", "quoteQty": "169.04375000", "time": 1693107423826, "isBuyerMaker": false, "isBestMatch": true}, {"id": 38340315, "price": "0.46250000", "qty": "969.70000000", "quoteQty": "448.48625000", "time": 1693107423826, "isBuyerMaker": false, "isBestMatch": true}, {"id": 38340316, "price": "0.46250000", "qty": "1113.10000000", "quoteQty": "514.80875000", "time": 1693107510095, "isBuyerMaker": true, "isBestMatch": true}, {"id": 38340317, "price": "0.46250000", "qty": "1262.70000000", "quoteQty": "583.99875000", "time": 1693107510095, "isBuyerMaker": true, "isBestMatch": true}, {"id": 38340318, "price": "0.46250000", "qty": "368.50000000", "quoteQty": "170.43125000", "time": 1693107510095, "isBuyerMaker": true, "isBestMatch": true}, {"id": 38340319, "price": "0.46250000", "qty": "908.50000000", "quoteQty": "420.18125000", "time": 1693107510098, "isBuyerMaker": true, "isBestMatch": true}, {"id": 38340320, "price": "0.46250000", "qty": "33.90000000", "quoteQty": "15.67875000", "time": 1693107510098, "isBuyerMaker": true, "isBestMatch": true}, {"id": 38340321, "price": "0.46250000", "qty": "23.20000000", "quoteQty": "10.73000000", "time": 1693107541076, "isBuyerMaker": false, "isBestMatch": true}, {"id": 38340322, "price": "0.46240000", "qty": "607.10000000", "quoteQty": "280.72304000", "time": 1693107541622, "isBuyerMaker": true, "isBestMatch": true}, {"id": 38340323, "price": "0.46210000", "qty": "2221.00000000", "quoteQty": "1026.32410000", "time": 1693107668897, "isBuyerMaker": true, "isBestMatch": true}, {"id": 38340324, "price": "0.46210000", "qty": "1107.40000000", "quoteQty": "511.72954000", "time": 1693107668903, "isBuyerMaker": true, "isBestMatch": true}, {"id": 38340325, "price": "0.46210000", "qty": "2095.00000000", "quoteQty": "968.09950000", "time": 1693107668909, "isBuyerMaker": true, "isBestMatch": true}, {"id": 38340326, "price": "0.46200000", "qty": "599.20000000", "quoteQty": "276.83040000", "time": 1693107669030, "isBuyerMaker": true, "isBestMatch": true}, {"id": 38340327, "price": "0.46190000", "qty": "246.80000000", "quoteQty": "113.99692000", "time": 1693107669030, "isBuyerMaker": true, "isBestMatch": true}, {"id": 38340328, "price": "0.46190000", "qty": "703.20000000", "quoteQty": "324.80808000", "time": 1693107669031, "isBuyerMaker": true, "isBestMatch": true}, {"id": 38340329, "price": "0.46190000", "qty": "879.40000000", "quoteQty": "406.19486000", "time": 1693107669031, "isBuyerMaker": true, "isBestMatch": true}, {"id": 38340330, "price": "0.46190000", "qty": "44.40000000", "quoteQty": "20.50836000", "time": 1693107669031, "isBuyerMaker": true, "isBestMatch": true}, {"id": 38340331, "price": "0.46190000", "qty": "839.00000000", "quoteQty": "387.53410000", "time": 1693107669059, "isBuyerMaker": true, "isBestMatch": true}, {"id": 38340332, "price": "0.46190000", "qty": "111.00000000", "quoteQty": "51.27090000", "time": 1693107669059, "isBuyerMaker": true, "isBestMatch": true}, {"id": 38340333, "price": "0.46180000", "qty": "944.00000000", "quoteQty": "435.93920000", "time": 1693107669059, "isBuyerMaker": true, "isBestMatch": true}, {"id": 38340334, "price": "0.46180000", "qty": "778.00000000", "quoteQty": "359.28040000", "time": 1693107669232, "isBuyerMaker": true, "isBestMatch": true}, {"id": 38340335, "price": "0.46180000", "qty": "839.00000000", "quoteQty": "387.45020000", "time": 1693107669238, "isBuyerMaker": true, "isBestMatch": true}, {"id": 38340336, "price": "0.46180000", "qty": "314.40000000", "quoteQty": "145.18992000", "time": 1693107669238, "isBuyerMaker": true, "isBestMatch": true}, {"id": 38340337, "price": "0.46170000", "qty": "524.60000000", "quoteQty": "242.20782000", "time": 1693107669238, "isBuyerMaker": true, "isBestMatch": true}, {"id": 38340338, "price": "0.46180000", "qty": "778.00000000", "quoteQty": "359.28040000", "time": 1693107669246, "isBuyerMaker": true, "isBestMatch": true}, {"id": 38340339, "price": "0.46180000", "qty": "1018.10000000", "quoteQty": "470.15858000", "time": 1693107669249, "isBuyerMaker": true, "isBestMatch": true}, {"id": 38340340, "price": "0.46190000", "qty": "97.10000000", "quoteQty": "44.85049000", "time": 1693107743041, "isBuyerMaker": false, "isBestMatch": true}, {"id": 38340341, "price": "0.46190000", "qty": "97.10000000", "quoteQty": "44.85049000", "time": 1693107743143, "isBuyerMaker": false, "isBestMatch": true}, {"id": 38340342, "price": "0.46190000", "qty": "97.10000000", "quoteQty": "44.85049000", "time": 1693107746534, "isBuyerMaker": false, "isBestMatch": true}, {"id": 38340343, "price": "0.46190000", "qty": "97.10000000", "quoteQty": "44.85049000", "time": 1693107746534, "isBuyerMaker": false, "isBestMatch": true}, {"id": 38340344, "price": "0.46190000", "qty": "97.10000000", "quoteQty": "44.85049000", "time": 1693107746534, "isBuyerMaker": false, "isBestMatch": true}, {"id": 38340345, "price": "0.46190000", "qty": "97.10000000", "quoteQty": "44.85049000", "time": 1693107746534, "isBuyerMaker": false, "isBestMatch": true}, {"id": 38340346, "price": "0.46190000", "qty": "97.10000000", "quoteQty": "44.85049000", "time": 1693107746534, "isBuyerMaker": false, "isBestMatch": true}, {"id": 38340347, "price": "0.46190000", "qty": "97.10000000", "quoteQty": "44.85049000", "time": 1693107746534, "isBuyerMaker": false, "isBestMatch": true}, {"id": 38340348, "price": "0.46190000", "qty": "97.10000000", "quoteQty": "44.85049000", "time": 1693107746534, "isBuyerMaker": false, "isBestMatch": true}, {"id": 38340349, "price": "0.46190000", "qty": "97.10000000", "quoteQty": "44.85049000", "time": 1693107746534, "isBuyerMaker": false, "isBestMatch": true}, {"id": 38340350, "price": "0.46200000", "qty": "1764.80000000", "quoteQty": "815.33760000", "time": 1693107746534, "isBuyerMaker": false, "isBestMatch": true}, {"id": 38340351, "price": "0.46220000", "qty": "97.10000000", "quoteQty": "44.87962000", "time": 1693107835439, "isBuyerMaker": false, "isBestMatch": true}, {"id": 38340352, "price": "0.46220000", "qty": "97.10000000", "quoteQty": "44.87962000", "time": 1693107835439, "isBuyerMaker": false, "isBestMatch": true}, {"id": 38340353, "price": "0.46220000", "qty": "97.10000000", "quoteQty": "44.87962000", "time": 1693107835439, "isBuyerMaker": false, "isBestMatch": true}, {"id": 38340354, "price": "0.46220000", "qty": "97.10000000", "quoteQty": "44.87962000", "time": 1693107835439, "isBuyerMaker": false, "isBestMatch": true}, {"id": 38340355, "price": "0.46220000", "qty": "97.10000000", "quoteQty": "44.87962000", "time": 1693107835439, "isBuyerMaker": false, "isBestMatch": true}, {"id": 38340356, "price": "0.46220000", "qty": "97.10000000", "quoteQty": "44.87962000", "time": 1693107835439, "isBuyerMaker": false, "isBestMatch": true}, {"id": 38340357, "price": "0.46220000", "qty": "97.10000000", "quoteQty": "44.87962000", "time": 1693107835439, "isBuyerMaker": false, "isBestMatch": true}, {"id": 38340358, "price": "0.46220000", "qty": "97.10000000", "quoteQty": "44.87962000", "time": 1693107835439, "isBuyerMaker": false, "isBestMatch": true}, {"id": 38340359, "price": "0.46220000", "qty": "97.10000000", "quoteQty": "44.87962000", "time": 1693107835439, "isBuyerMaker": false, "isBestMatch": true}, {"id": 38340360, "price": "0.46220000", "qty": "96.50000000", "quoteQty": "44.60230000", "time": 1693107835439, "isBuyerMaker": false, "isBestMatch": true}, {"id": 38340361, "price": "0.46230000", "qty": "46.60000000", "quoteQty": "21.54318000", "time": 1693107835484, "isBuyerMaker": true, "isBestMatch": true}, {"id": 38340362, "price": "0.46230000", "qty": "250.40000000", "quoteQty": "115.75992000", "time": 1693107835484, "isBuyerMaker": true, "isBestMatch": true}, {"id": 38340363, "price": "0.46230000", "qty": "587.40000000", "quoteQty": "271.55502000", "time": 1693107835484, "isBuyerMaker": true, "isBestMatch": true}, {"id": 38340364, "price": "0.46230000", "qty": "963.80000000", "quoteQty": "445.56474000", "time": 1693107835484, "isBuyerMaker": true, "isBestMatch": true}, {"id": 38340365, "price": "0.46230000", "qty": "239.90000000", "quoteQty": "110.90577000", "time": 1693107835509, "isBuyerMaker": true, "isBestMatch": true}, {"id": 38340366, "price": "0.46230000", "qty": "415.10000000", "quoteQty": "191.90073000", "time": 1693107967214, "isBuyerMaker": true, "isBestMatch": true}, {"id": 38340367, "price": "0.46230000", "qty": "97.10000000", "quoteQty": "44.88933000", "time": 1693107967217, "isBuyerMaker": true, "isBestMatch": true}, {"id": 38340368, "price": "0.46230000", "qty": "817.20000000", "quoteQty": "377.79156000", "time": 1693107967217, "isBuyerMaker": true, "isBestMatch": true}, {"id": 38340369, "price": "0.46230000", "qty": "158.90000000", "quoteQty": "73.45947000", "time": 1693107967221, "isBuyerMaker": true, "isBestMatch": true}, {"id": 38340370, "price": "0.46230000", "qty": "75.50000000", "quoteQty": "34.90365000", "time": 1693107967221, "isBuyerMaker": true, "isBestMatch": true}, {"id": 38340371, "price": "0.46210000", "qty": "312.00000000", "quoteQty": "144.17520000", "time": 1693107967249, "isBuyerMaker": true, "isBestMatch": true}, {"id": 38340372, "price": "0.46210000", "qty": "312.00000000", "quoteQty": "144.17520000", "time": 1693107967250, "isBuyerMaker": true, "isBestMatch": true}, {"id": 38340373, "price": "0.46210000", "qty": "312.00000000", "quoteQty": "144.17520000", "time": 1693107967257, "isBuyerMaker": true, "isBestMatch": true}, {"id": 38340374, "price": "0.46210000", "qty": "312.00000000", "quoteQty": "144.17520000", "time": 1693107967257, "isBuyerMaker": true, "isBestMatch": true}, {"id": 38340375, "price": "0.46210000", "qty": "244.70000000", "quoteQty": "113.07587000", "time": 1693107967258, "isBuyerMaker": true, "isBestMatch": true}, {"id": 38340376, "price": "0.46210000", "qty": "67.30000000", "quoteQty": "31.09933000", "time": 1693107967258, "isBuyerMaker": true, "isBestMatch": true}, {"id": 38340377, "price": "0.46210000", "qty": "312.00000000", "quoteQty": "144.17520000", "time": 1693107967258, "isBuyerMaker": true, "isBestMatch": true}, {"id": 38340378, "price": "0.46200000", "qty": "312.00000000", "quoteQty": "144.14400000", "time": 1693107967260, "isBuyerMaker": true, "isBestMatch": true}, {"id": 38340379, "price": "0.46200000", "qty": "312.00000000", "quoteQty": "144.14400000", "time": 1693107967263, "isBuyerMaker": true, "isBestMatch": true}, {"id": 38340380, "price": "0.46200000", "qty": "312.00000000", "quoteQty": "144.14400000", "time": 1693107967278, "isBuyerMaker": true, "isBestMatch": true}, {"id": 38340381, "price": "0.46200000", "qty": "14.00000000", "quoteQty": "6.46800000", "time": 1693107967293, "isBuyerMaker": true, "isBestMatch": true}, {"id": 38340382, "price": "0.46200000", "qty": "455.00000000", "quoteQty": "210.21000000", "time": 1693107967293, "isBuyerMaker": true, "isBestMatch": true}, {"id": 38340383, "price": "0.46200000", "qty": "312.00000000", "quoteQty": "144.14400000", "time": 1693107967299, "isBuyerMaker": true, "isBestMatch": true}, {"id": 38340384, "price": "0.46200000", "qty": "312.00000000", "quoteQty": "144.14400000", "time": 1693107967316, "isBuyerMaker": true, "isBestMatch": true}, {"id": 38340385, "price": "0.46200000", "qty": "312.00000000", "quoteQty": "144.14400000", "time": 1693107967318, "isBuyerMaker": true, "isBestMatch": true}, {"id": 38340386, "price": "0.46200000", "qty": "312.00000000", "quoteQty": "144.14400000", "time": 1693107967323, "isBuyerMaker": true, "isBestMatch": true}, {"id": 38340387, "price": "0.46220000", "qty": "97.10000000", "quoteQty": "44.87962000", "time": 1693108089621, "isBuyerMaker": false, "isBestMatch": true}, {"id": 38340388, "price": "0.46220000", "qty": "182.90000000", "quoteQty": "84.53638000", "time": 1693108089621, "isBuyerMaker": false, "isBestMatch": true}, {"id": 38340389, "price": "0.46220000", "qty": "97.10000000", "quoteQty": "44.87962000", "time": 1693108089628, "isBuyerMaker": false, "isBestMatch": true}, {"id": 38340390, "price": "0.46220000", "qty": "97.10000000", "quoteQty": "44.87962000", "time": 1693108090021, "isBuyerMaker": false, "isBestMatch": true}, {"id": 38340391, "price": "0.46220000", "qty": "64.00000000", "quoteQty": "29.58080000", "time": 1693108090021, "isBuyerMaker": false, "isBestMatch": true}, {"id": 38340392, "price": "0.46220000", "qty": "97.10000000", "quoteQty": "44.87962000", "time": 1693108100126, "isBuyerMaker": false, "isBestMatch": true}, {"id": 38340393, "price": "0.46220000", "qty": "115.80000000", "quoteQty": "53.52276000", "time": 1693108100126, "isBuyerMaker": false, "isBestMatch": true}, {"id": 38340394, "price": "0.46220000", "qty": "97.10000000", "quoteQty": "44.87962000", "time": 1693108100326, "isBuyerMaker": false, "isBestMatch": true}, {"id": 38340395, "price": "0.46220000", "qty": "102.70000000", "quoteQty": "47.46794000", "time": 1693108100326, "isBuyerMaker": false, "isBestMatch": true}, {"id": 38340396, "price": "0.46220000", "qty": "97.10000000", "quoteQty": "44.87962000", "time": 1693108100427, "isBuyerMaker": false, "isBestMatch": true}, {"id": 38340397, "price": "0.46220000", "qty": "68.50000000", "quoteQty": "31.66070000", "time": 1693108100427, "isBuyerMaker": false, "isBestMatch": true}, {"id": 38340398, "price": "0.46220000", "qty": "97.10000000", "quoteQty": "44.87962000", "time": 1693108100527, "isBuyerMaker": false, "isBestMatch": true}, {"id": 38340399, "price": "0.46220000", "qty": "58.10000000", "quoteQty": "26.85382000", "time": 1693108100527, "isBuyerMaker": false, "isBestMatch": true}, {"id": 38340400, "price": "0.46220000", "qty": "97.10000000", "quoteQty": "44.87962000", "time": 1693108367741, "isBuyerMaker": false, "isBestMatch": true}, {"id": 38340401, "price": "0.46220000", "qty": "97.10000000", "quoteQty": "44.87962000", "time": 1693108367741, "isBuyerMaker": false, "isBestMatch": true}, {"id": 38340402, "price": "0.46220000", "qty": "96.60000000", "quoteQty": "44.64852000", "time": 1693108367741, "isBuyerMaker": false, "isBestMatch": true}, {"id": 38340403, "price": "0.46230000", "qty": "818.90000000", "quoteQty": "378.57747000", "time": 1693108425804, "isBuyerMaker": false, "isBestMatch": true}, {"id": 38340404, "price": "0.46230000", "qty": "97.10000000", "quoteQty": "44.88933000", "time": 1693108425804, "isBuyerMaker": false, "isBestMatch": true}, {"id": 38340405, "price": "0.46220000", "qty": "501.90000000", "quoteQty": "231.97818000", "time": 1693108436466, "isBuyerMaker": true, "isBestMatch": true}, {"id": 38340406, "price": "0.46220000", "qty": "85.30000000", "quoteQty": "39.42566000", "time": 1693108436466, "isBuyerMaker": true, "isBestMatch": true}, {"id": 38340407, "price": "0.46190000", "qty": "345.60000000", "quoteQty": "159.63264000", "time": 1693108533673, "isBuyerMaker": false, "isBestMatch": true}, {"id": 38340408, "price": "0.46180000", "qty": "28.30000000", "quoteQty": "13.06894000", "time": 1693108562987, "isBuyerMaker": true, "isBestMatch": true}, {"id": 38340409, "price": "0.46170000", "qty": "108.20000000", "quoteQty": "49.95594000", "time": 1693108565579, "isBuyerMaker": true, "isBestMatch": true}, {"id": 38340410, "price": "0.46170000", "qty": "46.50000000", "quoteQty": "21.46905000", "time": 1693108578263, "isBuyerMaker": false, "isBestMatch": true}, {"id": 38340411, "price": "0.46170000", "qty": "280.00000000", "quoteQty": "129.27600000", "time": 1693108578263, "isBuyerMaker": false, "isBestMatch": true}, {"id": 38340412, "price": "0.46170000", "qty": "177.50000000", "quoteQty": "81.95175000", "time": 1693108578363, "isBuyerMaker": false, "isBestMatch": true}, {"id": 38340413, "price": "0.46170000", "qty": "367.50000000", "quoteQty": "169.67475000", "time": 1693108587663, "isBuyerMaker": true, "isBestMatch": true}, {"id": 38340414, "price": "0.46170000", "qty": "1415.80000000", "quoteQty": "653.67486000", "time": 1693108587663, "isBuyerMaker": true, "isBestMatch": true}, {"id": 38340415, "price": "0.46160000", "qty": "250.00000000", "quoteQty": "115.40000000", "time": 1693108593271, "isBuyerMaker": true, "isBestMatch": true}, {"id": 38340416, "price": "0.46160000", "qty": "1530.70000000", "quoteQty": "706.57112000", "time": 1693108622392, "isBuyerMaker": true, "isBestMatch": true}, {"id": 38340417, "price": "0.46160000", "qty": "385.20000000", "quoteQty": "177.80832000", "time": 1693108622395, "isBuyerMaker": true, "isBestMatch": true}, {"id": 38340418, "price": "0.46160000", "qty": "518.90000000", "quoteQty": "239.52424000", "time": 1693108622395, "isBuyerMaker": true, "isBestMatch": true}, {"id": 38340419, "price": "0.46150000", "qty": "727.30000000", "quoteQty": "335.64895000", "time": 1693108622402, "isBuyerMaker": true, "isBestMatch": true}, {"id": 38340420, "price": "0.46150000", "qty": "200.90000000", "quoteQty": "92.71535000", "time": 1693108622402, "isBuyerMaker": true, "isBestMatch": true}, {"id": 38340421, "price": "0.46150000", "qty": "1230.00000000", "quoteQty": "567.64500000", "time": 1693108622405, "isBuyerMaker": true, "isBestMatch": true}, {"id": 38340422, "price": "0.46150000", "qty": "1230.00000000", "quoteQty": "567.64500000", "time": 1693108622405, "isBuyerMaker": true, "isBestMatch": true}, {"id": 38340423, "price": "0.46150000", "qty": "175.20000000", "quoteQty": "80.85480000", "time": 1693108622618, "isBuyerMaker": false, "isBestMatch": true}, {"id": 38340424, "price": "0.46150000", "qty": "75.20000000", "quoteQty": "34.70480000", "time": 1693108622620, "isBuyerMaker": false, "isBestMatch": true}, {"id": 38340425, "price": "0.46150000", "qty": "270.00000000", "quoteQty": "124.60500000", "time": 1693108622620, "isBuyerMaker": false, "isBestMatch": true}, {"id": 38340426, "price": "0.46150000", "qty": "212.00000000", "quoteQty": "97.83800000", "time": 1693108622752, "isBuyerMaker": false, "isBestMatch": true}, {"id": 38340427, "price": "0.46160000", "qty": "213.40000000", "quoteQty": "98.50544000", "time": 1693108622760, "isBuyerMaker": false, "isBestMatch": true}, {"id": 38340428, "price": "0.46160000", "qty": "239.00000000", "quoteQty": "110.32240000", "time": 1693108625012, "isBuyerMaker": false, "isBestMatch": true}, {"id": 38340429, "price": "0.46160000", "qty": "181.40000000", "quoteQty": "83.73424000", "time": 1693108625057, "isBuyerMaker": false, "isBestMatch": true}, {"id": 38340430, "price": "0.46170000", "qty": "252.00000000", "quoteQty": "116.34840000", "time": 1693108626603, "isBuyerMaker": false, "isBestMatch": true}, {"id": 38340431, "price": "0.46160000", "qty": "207.60000000", "quoteQty": "95.82816000", "time": 1693108628495, "isBuyerMaker": false, "isBestMatch": true}, {"id": 38340432, "price": "0.46160000", "qty": "164.00000000", "quoteQty": "75.70240000", "time": 1693108628582, "isBuyerMaker": false, "isBestMatch": true}, {"id": 38340433, "price": "0.46160000", "qty": "210.40000000", "quoteQty": "97.12064000", "time": 1693108647805, "isBuyerMaker": false, "isBestMatch": true}, {"id": 38340434, "price": "0.46160000", "qty": "910.90000000", "quoteQty": "420.47144000", "time": 1693108755546, "isBuyerMaker": true, "isBestMatch": true}, {"id": 38340435, "price": "0.46160000", "qty": "1254.90000000", "quoteQty": "579.26184000", "time": 1693108755548, "isBuyerMaker": true, "isBestMatch": true}, {"id": 38340436, "price": "0.46160000", "qty": "64.40000000", "quoteQty": "29.72704000", "time": 1693108755548, "isBuyerMaker": true, "isBestMatch": true}, {"id": 38340437, "price": "0.46160000", "qty": "1402.70000000", "quoteQty": "647.48632000", "time": 1693108755549, "isBuyerMaker": true, "isBestMatch": true}, {"id": 38340438, "price": "0.46160000", "qty": "891.70000000", "quoteQty": "411.60872000", "time": 1693108755551, "isBuyerMaker": true, "isBestMatch": true}, {"id": 38340439, "price": "0.46160000", "qty": "400.00000000", "quoteQty": "184.64000000", "time": 1693108790846, "isBuyerMaker": true, "isBestMatch": true}, {"id": 38340440, "price": "0.46160000", "qty": "307.00000000", "quoteQty": "141.71120000", "time": 1693108790853, "isBuyerMaker": true, "isBestMatch": true}, {"id": 38340441, "price": "0.46160000", "qty": "307.00000000", "quoteQty": "141.71120000", "time": 1693108790854, "isBuyerMaker": true, "isBestMatch": true}, {"id": 38340442, "price": "0.46160000", "qty": "307.00000000", "quoteQty": "141.71120000", "time": 1693108790855, "isBuyerMaker": true, "isBestMatch": true}, {"id": 38340443, "price": "0.46160000", "qty": "152.00000000", "quoteQty": "70.16320000", "time": 1693108790857, "isBuyerMaker": true, "isBestMatch": true}, {"id": 38340444, "price": "0.46160000", "qty": "38.40000000", "quoteQty": "17.72544000", "time": 1693108790857, "isBuyerMaker": true, "isBestMatch": true}, {"id": 38340445, "price": "0.46160000", "qty": "25.40000000", "quoteQty": "11.72464000", "time": 1693108790857, "isBuyerMaker": true, "isBestMatch": true}, {"id": 38340446, "price": "0.46140000", "qty": "91.20000000", "quoteQty": "42.07968000", "time": 1693108790857, "isBuyerMaker": true, "isBestMatch": true}, {"id": 38340447, "price": "0.46140000", "qty": "307.00000000", "quoteQty": "141.64980000", "time": 1693108790862, "isBuyerMaker": true, "isBestMatch": true}, {"id": 38340448, "price": "0.46140000", "qty": "153.00000000", "quoteQty": "70.59420000", "time": 1693108790885, "isBuyerMaker": true, "isBestMatch": true}, {"id": 38340449, "price": "0.46150000", "qty": "433.40000000", "quoteQty": "200.01410000", "time": 1693108802499, "isBuyerMaker": false, "isBestMatch": true}, {"id": 38340450, "price": "0.46150000", "qty": "1928.00000000", "quoteQty": "889.77200000", "time": 1693108802499, "isBuyerMaker": false, "isBestMatch": true}, {"id": 38340451, "price": "0.46160000", "qty": "97.20000000", "quoteQty": "44.86752000", "time": 1693108935282, "isBuyerMaker": false, "isBestMatch": true}, {"id": 38340452, "price": "0.46160000", "qty": "97.20000000", "quoteQty": "44.86752000", "time": 1693108969602, "isBuyerMaker": false, "isBestMatch": true}, {"id": 38340453, "price": "0.46160000", "qty": "97.20000000", "quoteQty": "44.86752000", "time": 1693108969602, "isBuyerMaker": false, "isBestMatch": true}, {"id": 38340454, "price": "0.46160000", "qty": "97.20000000", "quoteQty": "44.86752000", "time": 1693108969602, "isBuyerMaker": false, "isBestMatch": true}, {"id": 38340455, "price": "0.46160000", "qty": "97.20000000", "quoteQty": "44.86752000", "time": 1693108969602, "isBuyerMaker": false, "isBestMatch": true}, {"id": 38340456, "price": "0.46160000", "qty": "97.20000000", "quoteQty": "44.86752000", "time": 1693108969602, "isBuyerMaker": false, "isBestMatch": true}, {"id": 38340457, "price": "0.46160000", "qty": "97.20000000", "quoteQty": "44.86752000", "time": 1693108969602, "isBuyerMaker": false, "isBestMatch": true}, {"id": 38340458, "price": "0.46160000", "qty": "97.20000000", "quoteQty": "44.86752000", "time": 1693108969602, "isBuyerMaker": false, "isBestMatch": true}, {"id": 38340459, "price": "0.46160000", "qty": "97.20000000", "quoteQty": "44.86752000", "time": 1693108969602, "isBuyerMaker": false, "isBestMatch": true}, {"id": 38340460, "price": "0.46160000", "qty": "96.70000000", "quoteQty": "44.63672000", "time": 1693108969602, "isBuyerMaker": false, "isBestMatch": true}, {"id": 38340461, "price": "0.46170000", "qty": "2337.00000000", "quoteQty": "1078.99290000", "time": 1693108969608, "isBuyerMaker": false, "isBestMatch": true}, {"id": 38340462, "price": "0.46170000", "qty": "400.00000000", "quoteQty": "184.68000000", "time": 1693108969608, "isBuyerMaker": false, "isBestMatch": true}, {"id": 38340463, "price": "0.46180000", "qty": "631.80000000", "quoteQty": "291.76524000", "time": 1693108969612, "isBuyerMaker": false, "isBestMatch": true}, {"id": 38340464, "price": "0.46180000", "qty": "893.80000000", "quoteQty": "412.75684000", "time": 1693108969612, "isBuyerMaker": false, "isBestMatch": true}, {"id": 38340465, "price": "0.46180000", "qty": "1410.10000000", "quoteQty": "651.18418000", "time": 1693108969612, "isBuyerMaker": false, "isBestMatch": true}, {"id": 38340466, "price": "0.46180000", "qty": "529.20000000", "quoteQty": "244.38456000", "time": 1693108969612, "isBuyerMaker": false, "isBestMatch": true}, {"id": 38340467, "price": "0.46180000", "qty": "276.50000000", "quoteQty": "127.68770000", "time": 1693108969612, "isBuyerMaker": false, "isBestMatch": true}, {"id": 38340468, "price": "0.46180000", "qty": "879.80000000", "quoteQty": "406.29164000", "time": 1693108969615, "isBuyerMaker": false, "isBestMatch": true}, {"id": 38340469, "price": "0.46170000", "qty": "250.40000000", "quoteQty": "115.60968000", "time": 1693108969618, "isBuyerMaker": true, "isBestMatch": true}, {"id": 38340470, "price": "0.46170000", "qty": "648.30000000", "quoteQty": "299.32011000", "time": 1693108969618, "isBuyerMaker": true, "isBestMatch": true}, {"id": 38340471, "price": "0.46160000", "qty": "46.60000000", "quoteQty": "21.51056000", "time": 1693108969618, "isBuyerMaker": true, "isBestMatch": true}, {"id": 38340472, "price": "0.46160000", "qty": "68.20000000", "quoteQty": "31.48112000", "time": 1693108969618, "isBuyerMaker": true, "isBestMatch": true}, {"id": 38340473, "price": "0.46190000", "qty": "75.70000000", "quoteQty": "34.96583000", "time": 1693108971607, "isBuyerMaker": true, "isBestMatch": true}, {"id": 38340474, "price": "0.46200000", "qty": "97.10000000", "quoteQty": "44.86020000", "time": 1693108993139, "isBuyerMaker": false, "isBestMatch": true}, {"id": 38340475, "price": "0.46200000", "qty": "2150.00000000", "quoteQty": "993.30000000", "time": 1693108993139, "isBuyerMaker": false, "isBestMatch": true}, {"id": 38340476, "price": "0.46200000", "qty": "141.80000000", "quoteQty": "65.51160000", "time": 1693108993139, "isBuyerMaker": false, "isBestMatch": true}, {"id": 38340477, "price": "0.46200000", "qty": "97.10000000", "quoteQty": "44.86020000", "time": 1693108993142, "isBuyerMaker": false, "isBestMatch": true}, {"id": 38340478, "price": "0.46200000", "qty": "97.10000000", "quoteQty": "44.86020000", "time": 1693108993142, "isBuyerMaker": false, "isBestMatch": true}, {"id": 38340479, "price": "0.46200000", "qty": "97.10000000", "quoteQty": "44.86020000", "time": 1693108993142, "isBuyerMaker": false, "isBestMatch": true}, {"id": 38340480, "price": "0.46200000", "qty": "97.10000000", "quoteQty": "44.86020000", "time": 1693108993142, "isBuyerMaker": false, "isBestMatch": true}, {"id": 38340481, "price": "0.46200000", "qty": "97.10000000", "quoteQty": "44.86020000", "time": 1693108993142, "isBuyerMaker": false, "isBestMatch": true}, {"id": 38340482, "price": "0.46200000", "qty": "97.10000000", "quoteQty": "44.86020000", "time": 1693108993142, "isBuyerMaker": false, "isBestMatch": true}, {"id": 38340483, "price": "0.46200000", "qty": "97.10000000", "quoteQty": "44.86020000", "time": 1693108993142, "isBuyerMaker": false, "isBestMatch": true}, {"id": 38340484, "price": "0.46200000", "qty": "97.10000000", "quoteQty": "44.86020000", "time": 1693108993142, "isBuyerMaker": false, "isBestMatch": true}, {"id": 38340485, "price": "0.46200000", "qty": "96.90000000", "quoteQty": "44.76780000", "time": 1693108993142, "isBuyerMaker": false, "isBestMatch": true}, {"id": 38340486, "price": "0.46220000", "qty": "97.10000000", "quoteQty": "44.87962000", "time": 1693109023634, "isBuyerMaker": false, "isBestMatch": true}, {"id": 38340487, "price": "0.46220000", "qty": "97.10000000", "quoteQty": "44.87962000", "time": 1693109059013, "isBuyerMaker": false, "isBestMatch": true}, {"id": 38340488, "price": "0.46220000", "qty": "203.80000000", "quoteQty": "94.19636000", "time": 1693109059013, "isBuyerMaker": false, "isBestMatch": true}, {"id": 38340489, "price": "0.46220000", "qty": "97.10000000", "quoteQty": "44.87962000", "time": 1693109059044, "isBuyerMaker": false, "isBestMatch": true}, {"id": 38340490, "price": "0.46220000", "qty": "97.00000000", "quoteQty": "44.83340000", "time": 1693109059080, "isBuyerMaker": false, "isBestMatch": true}, {"id": 38340491, "price": "0.46220000", "qty": "0.10000000", "quoteQty": "0.04622000", "time": 1693109059083, "isBuyerMaker": false, "isBestMatch": true}, {"id": 38340492, "price": "0.46220000", "qty": "97.10000000", "quoteQty": "44.87962000", "time": 1693109059083, "isBuyerMaker": false, "isBestMatch": true}, {"id": 38340493, "price": "0.46220000", "qty": "97.10000000", "quoteQty": "44.87962000", "time": 1693109059083, "isBuyerMaker": false, "isBestMatch": true}, {"id": 38340494, "price": "0.46220000", "qty": "97.10000000", "quoteQty": "44.87962000", "time": 1693109059083, "isBuyerMaker": false, "isBestMatch": true}, {"id": 38340495, "price": "0.46220000", "qty": "97.10000000", "quoteQty": "44.87962000", "time": 1693109059083, "isBuyerMaker": false, "isBestMatch": true}, {"id": 38340496, "price": "0.46220000", "qty": "97.10000000", "quoteQty": "44.87962000", "time": 1693109059083, "isBuyerMaker": false, "isBestMatch": true}, {"id": 38340497, "price": "0.46220000", "qty": "96.50000000", "quoteQty": "44.60230000", "time": 1693109059083, "isBuyerMaker": false, "isBestMatch": true}, {"id": 38340498, "price": "0.46230000", "qty": "46.20000000", "quoteQty": "21.35826000", "time": 1693109059112, "isBuyerMaker": true, "isBestMatch": true}, {"id": 38340499, "price": "0.46230000", "qty": "0.10000000", "quoteQty": "0.04623000", "time": 1693109059195, "isBuyerMaker": true, "isBestMatch": true}, {"id": 38340500, "price": "0.46230000", "qty": "46.40000000", "quoteQty": "21.45072000", "time": 1693109059195, "isBuyerMaker": true, "isBestMatch": true}, {"id": 38340501, "price": "0.46230000", "qty": "660.70000000", "quoteQty": "305.44161000", "time": 1693109059195, "isBuyerMaker": true, "isBestMatch": true}, {"id": 38340502, "price": "0.46230000", "qty": "485.30000000", "quoteQty": "224.35419000", "time": 1693109059372, "isBuyerMaker": true, "isBestMatch": true}, {"id": 38340503, "price": "0.46240000", "qty": "432.50000000", "quoteQty": "199.98800000", "time": 1693109063896, "isBuyerMaker": false, "isBestMatch": true}, {"id": 38340504, "price": "0.46240000", "qty": "96.50000000", "quoteQty": "44.62160000", "time": 1693109063896, "isBuyerMaker": false, "isBestMatch": true}, {"id": 38340505, "price": "0.46240000", "qty": "0.50000000", "quoteQty": "0.23120000", "time": 1693109063899, "isBuyerMaker": false, "isBestMatch": true}, {"id": 38340506, "price": "0.46240000", "qty": "97.00000000", "quoteQty": "44.85280000", "time": 1693109063899, "isBuyerMaker": false, "isBestMatch": true}, {"id": 38340507, "price": "0.46240000", "qty": "97.00000000", "quoteQty": "44.85280000", "time": 1693109063899, "isBuyerMaker": false, "isBestMatch": true}, {"id": 38340508, "price": "0.46240000", "qty": "97.00000000", "quoteQty": "44.85280000", "time": 1693109063899, "isBuyerMaker": false, "isBestMatch": true}, {"id": 38340509, "price": "0.46240000", "qty": "97.00000000", "quoteQty": "44.85280000", "time": 1693109063899, "isBuyerMaker": false, "isBestMatch": true}, {"id": 38340510, "price": "0.46240000", "qty": "97.00000000", "quoteQty": "44.85280000", "time": 1693109063899, "isBuyerMaker": false, "isBestMatch": true}, {"id": 38340511, "price": "0.46240000", "qty": "97.00000000", "quoteQty": "44.85280000", "time": 1693109063899, "isBuyerMaker": false, "isBestMatch": true}, {"id": 38340512, "price": "0.46240000", "qty": "97.00000000", "quoteQty": "44.85280000", "time": 1693109063899, "isBuyerMaker": false, "isBestMatch": true}, {"id": 38340513, "price": "0.46240000", "qty": "97.00000000", "quoteQty": "44.85280000", "time": 1693109063899, "isBuyerMaker": false, "isBestMatch": true}, {"id": 38340514, "price": "0.46240000", "qty": "97.00000000", "quoteQty": "44.85280000", "time": 1693109063899, "isBuyerMaker": false, "isBestMatch": true}, {"id": 38340515, "price": "0.46260000", "qty": "216.20000000", "quoteQty": "100.01412000", "time": 1693109106180, "isBuyerMaker": false, "isBestMatch": true}, {"id": 38340516, "price": "0.46260000", "qty": "37.20000000", "quoteQty": "17.20872000", "time": 1693109137155, "isBuyerMaker": true, "isBestMatch": true}, {"id": 38340517, "price": "0.46240000", "qty": "163.00000000", "quoteQty": "75.37120000", "time": 1693109177647, "isBuyerMaker": false, "isBestMatch": true}, {"id": 38340518, "price": "0.46230000", "qty": "2162.60000000", "quoteQty": "999.76998000", "time": 1693109203952, "isBuyerMaker": true, "isBestMatch": true}, {"id": 38340519, "price": "0.46240000", "qty": "250.40000000", "quoteQty": "115.78496000", "time": 1693109323243, "isBuyerMaker": false, "isBestMatch": true}, {"id": 38340520, "price": "0.46240000", "qty": "97.00000000", "quoteQty": "44.85280000", "time": 1693109323243, "isBuyerMaker": false, "isBestMatch": true}, {"id": 38340521, "price": "0.46240000", "qty": "97.00000000", "quoteQty": "44.85280000", "time": 1693109323243, "isBuyerMaker": false, "isBestMatch": true}, {"id": 38340522, "price": "0.46240000", "qty": "97.00000000", "quoteQty": "44.85280000", "time": 1693109323243, "isBuyerMaker": false, "isBestMatch": true}, {"id": 38340523, "price": "0.46240000", "qty": "97.00000000", "quoteQty": "44.85280000", "time": 1693109323243, "isBuyerMaker": false, "isBestMatch": true}, {"id": 38340524, "price": "0.46240000", "qty": "97.00000000", "quoteQty": "44.85280000", "time": 1693109323243, "isBuyerMaker": false, "isBestMatch": true}, {"id": 38340525, "price": "0.46240000", "qty": "97.00000000", "quoteQty": "44.85280000", "time": 1693109323243, "isBuyerMaker": false, "isBestMatch": true}